3074 4886
828 387 869 450 66

283 592 368 658 tione
390 610 472 674 quae
497 592 529 656 in
551 591 639 657 libris
663 596 711 656 est
733 609 849 674 susque
872 591 972 671 deque
994 589 1101 654 habita
1124 593 1156 654 et
1177 589 1319 654 mutandi
1341 609 1407 655 mo·

284 693 385 759 destia
407 701 513 776 spreta
536 713 642 759 omnes
665 695 887 761 choriambicos
905 713 1019 781 versus
1037 693 1224 760 disiciendoe
1246 709 1314 758 esse
1336 712 1408 758 cen·

283 795 360 866 suit,
393 794 454 862 Sed
476 795 549 861 libri
567 795 647 860 miro
670 815 823 862 consensu
846 797 938 861 huius
962 797 1073 862 cantici
1084 797 1180 862 verba
1199 795 1405 872 tradiderunt,

284 902 320 962 ut
341 916 380 962 ue
402 896 458 962 ulli
480 896 606 980 quidem
629 899 697 971 loco
721 885 875 964 dubitatio
898 898 1079 964 elibrorum
1103 897 1254 965 memoria
1273 897 1405 976 orietur,

284 1018 320 1064 ac
342 1017 381 1064 ne
402 999 440 1063 de
462 1001 604 1066 versibus
634 1000 759 1081 quidem
790 1001 1017 1084 distinguendis
1045 1000 1118 1066 libri
1144 999 1177 1065 in
1205 1001 1264 1066 hoc
1286 1001 1405 1067 cantico
1522 1050 1523 1063 .

284 1101 383 1183 magis
413 1120 506 1184 quam
535 1104 568 1166 in
595 1102 708 1167 ceteris
737 1104 819 1168 inter
841 1121 875 1169 se
897 1101 1097 1168 dissentiunt.
1131 1101 1303 1167 Bembinns
1326 1103 1405 1167 enim

283 1210 320 1268 ut
347 1204 378 1268 in
402 1205 543 1270 versibus
566 1205 646 1271 Eun.
660 1207 698 1272 ΙΙ.
716 1205 779 1273 3.,1
805 1212 837 1270 et
859 1204 984 1270 Phorm.
1001 1202 1058 1266 111.
1076 1205 1104 1267 2.
1123 1206 1151 1283 1,
1177 1203 1224 1269 ita
1253 1203 1287 1270 in
1314 1204 1404 1269 huius

205 1370 209 1378 ,
282 1322 407 1387 quoque
435 1307 546 1373 cantici
569 1312 693 1374 versul
720 1308 906 1374 versiculum
935 1307 1136 1389 incipientem
1163 1325 1233 1371 cum
1263 1307 1404 1389 sequenti

282 1407 422 1490 longiore
444 1427 536 1475 versu
559 1411 726 1492 copulavit,
749 1427 826 1490 quos
849 1429 919 1476 curn
941 1407 1102 1474 Parisinus
1125 1416 1157 1476 et
1179 1409 1404 1475 Ambrosianus

283 1518 369 1578 recte
402 1511 622 1590 disiunxerint,
659 1517 726 1577 tum
756 1508 886 1575 Rufinus
922 1511 992 1594 (aut
1024 1511 1091 1592 ipse
1114 1509 1229 1594 Varro)
1265 1529 1403 1577 seorsum

283 1613 360 1696 legit
383 1612 434 1696 (ci.
450 1615 521 1680 Rul.
545 1636 596 1698 pg.
612 1615 673 1679 556
688 1615 741 1697 K).
775 1613 945 1679 Praeterea
967 1613 1109 1680 Bembini
1128 1631 1252 1678 versum
1276 1615 1296 1678 3
1321 1613 1404 1680 Pari·

283 1716 371 1783 sinus
393 1723 425 1783 et
447 1718 671 1784 Ambrosianus
701 1717 733 1781 in
762 1718 824 1782 duo
848 1715 1079 1796 dissecuerunt,
1110 1722 1146 1780 ut
1175 1734 1267 1781 suum
1296 1714 1405 1796 cuique

283 1818 457 1886 sententiae
479 1839 602 1886 versum
633 1820 839 1902 assignarent.
879 1818 940 1884 Sed
969 1837 1039 1883 cum
1063 1816 1195 1882 Parisini
1223 1823 1255 1883 et
1278 1820 1405 1885 Ambro

199 1981 201 1985 ,
284 1921 362 1986 eiani
386 1941 494 1988 versus
516 1924 555 1989 ad
580 1922 680 1988 nullos
703 1941 848 1989 numeros
864 1923 1147 1997 accommodentur,
1169 1922 1209 1986 66
1227 1923 1405 2002 aptissimos

284 2029 388 2090 autem
410 2024 552 2091 Bembini
574 2041 696 2100 versus
723 2023 865 2091 Bembini
894 2024 1051 2089 distinctio
1075 2017 1162 2088 vera'
1178 2023 1321 2090 habenda
1349 2033 1406 2092 est.

285 2124 429 2208 Denique
444 2125 586 2193 Bembini
601 2129 756 2193 versum7
774 2135 805 2193 et
820 2127 840 2191 8
856 2128 889 2192 P.
906 2133 938 2192 et
952 2126 987 2190 F.
1002 2125 1035 2189 in
1052 2144 1147 2190 unum
1170 2130 1405 2193 contraxerunt:

283 2229 384 2294 solent
411 2235 516 2295 autem
544 2227 578 2292 Ρ.
603 2237 636 2297 et
657 2231 691 2295 F.
723 2248 831 2297 versus
860 2231 906 2294 ita
935 2231 1063 2308 vitiare,
1095 2234 1131 2294 ut
1161 2228 1332 2296 versiculos
1365 2232 1406 2295 ed

283 2333 504 2398 antecedentes
527 2333 682 2414 longiores
705 2351 814 2399 versus
838 2333 1036 2416 agglutinent
1057 2333 1107 2416 (ci.
1132 2333 1271 2415 pg.10):
1300 2333 1408 2413 itaque

284 2434 341 2500 hoc
363 2452 486 2516 quoquc
508 2432 577 2500 loco
599 2433 741 2500 Bembini
765 2434 921 2499 distinctio
944 2436 1099 2500 servanda
1122 2441 1179 2500 eet.
1227 2435 1315 2514 Quae
1338 2453 1408 2501 cnm

284 2537 329 2600 ita
350 2535 424 2614 sint,
446 2536 478 2601 hi
500 2554 610 2602 versus
634 2535 846 2618 distinguendi
869 2543 978 2602 erunt:
1204 2537 1206 2541 ’

707 2689 869 2749 Discrucior
889 2689 984 2747 animi.

359 2781 468 2842 Hocine
491 2784 525 2842 dc
546 2782 689 2859 inproviso
709 2784 775 2842 mali
795 2783 865 2842 mihi
885 2784 959 2844 obici
979 2785 1099 2857 tantum,

359 2877 399 2935 Ut
417 2893 508 2951 neque
530 2877 597 2952 quid
618 2895 662 2938 me
683 2877 785 2937 faciam
805 2895 858 2938 nec
878 2879 945 2952 quid
966 2896 1048 2952 agam
1070 2881 1174 2938 certum
1196 2880 1264 2938 siet!

359 2971 493 3030 Membrav
505 2973 581 3030 metu
602 2971 706 3031 debilia
726 2974 801 3045 aunt,
822 2973 933 3034 animus
953 2973 1052 3033 timore
1073 2973 1219 3050 obstipuit,

303 3070 319 3122 t
359 3065 477 3124 Pectore
498 3065 651 3125 consistere
671 3065 743 3124 nihil
764 3067 864 3126 consili
884 3067 955 3142 quit.
983 3069 1047 3138 vah,

360 3157 419 3228 Quo
441 3158 520 3218 modo
540 3174 584 3216 me
605 3175 639 3218 ex
660 3160 713 3219 hac
734 3161 879 3235 expediam
901 3162 1003 3220 turba?

359 3253 450 3312 Taum
469 3271 544 3313 nuno
563 3253 686 3329 suspicio
708 3253 742 3313 de
763 3269 806 3313 me
827 3254 941 3314 incidit:
962 3271 1053 3329 neque
1073 3270 1107 3314 ea
1127 3253 1270 3315 inmerito:

360 3347 487 3406 Sostrate
507 3347 597 3406 credit
616 3348 684 3405 mihi
706 3365 749 3406 me
770 3347 916 3422 psaltriam
935 3348 1009 3408 hanc
1029 3349 1143 3409 emisse:
1165 3349 1195 3407 id
1215 3366 1286 3409 anus

690 3441 730 3499 Mi
750 3439 884 3501 indicium
906 3442 981 3501 lecit.
1328 3445 1411 3516 [ilico

285 3543 320 3594 10
360 3534 432 3594 Nam
453 3537 485 3594 nt
505 3533 571 3594 luinc
592 3533 663 3594 forte
683 3550 718 3593 ea
737 3534 772 3592 ad
793 3534 973 3594 obstetricem
993 3525 1055 3594 erat
1075 3535 1170 3606 missa,
1191 3536 1241 3594 ubi
1261 3553 1323 3596 eom
1339 3538 1410 3614 uidi,

436 3627 561 3689 secedo:
582 3628 682 3703 rogito,
702 3627 853 3702 Pimphile
872 3629 939 3702 quid
959 3627 1035 3703 egit,
1056 3628 1112 3688 iem
1132 3631 1230 3703 partus
1250 3629 1349 3704 adstat,

436 3725 496 3785 Eon
526 3724 703 3784 obstetricem
732 3723 867 3785 acce‘rsat.
901 3723 951 3784 illa
980 3723 1133 3784 exclamat:
1164 3725 1224 3798 abi,
1251 3725 1312 3784 abi:
1341 3724 1411 3800 iam,

1145 3819 1305 3892 ‘Aeschlna

438 3913 514 3973 Satis
534 3912 583 3972 dit
604 3914 708 3974 dedisti
723 3913 823 3974 verbe:
844 3917 890 3972 sat
909 3914 1001 3973 adhoc
1020 3912 1069 3973 tria
1082 3930 1134 3973 noe
1149 3913 1311 3973 iruetmtast
1325 3912 1407 3972 lidos.

435 4007 517 4080 Hem,
538 4008 604 4082 quid
624 4009 699 4068 istnc
713 4011 838 4079 obsecro,
859 4007 983 4081 inquam,
998 4008 1063 4066 est?
1085 4006 1188 4082 paleas,
1205 4007 1311 4068 babeas
1325 4007 1406 4067 illam

1110 4099 1182 4174 quae
1202 4102 1304 4174 placet.

436 4195 518 4255 Sensi
537 4195 602 4256 ilico
622 4195 651 4254 id
672 4195 736 4254 illas
756 4195 907 4270 edepicari:
934 4193 984 4254 aad
1005 4210 1049 4253 ma
1069 4195 1237 4270 reprehendi
1255 4197 1357 4269 tameo,

436 4289 480 4350 Ne
501 4290 568 4366 quid
589 4289 623 4349 de
644 4289 730 4349 fretra
751 4288 878 4364 girrulae
898 4287 940 4346 illi
962 4288 1081 4350 dicerem
1101 4306 1135 4349 ec
1154 4288 1234 4349 fieret
1252 4289 1353 4366 palam.
