3074 4886
688 349 728 413 13

236 549 249 617 ΙΙ
260 549 346 610 Visos
363 565 434 609 eum.
450 556 463 624 ΙΙ
480 549 615 623 unctum,
634 548 705 610 bone
720 550 772 620 vir,
792 549 860 622 quid
874 548 937 608 aiei
958 549 1040 610 rideo
1059 564 1105 608 me
1118 548 1176 610 tois
1191 567 1258 612 con·

934 642 1009 701 siliis
1028 643 1160 703 misemm

242 735 422 814 'Impeditam
437 742 518 799 esse?
529 737 542 805 ΙΙ
551 735 602 798 ‘ut
615 737 671 797 iam
685 737 838 812 expediam.
851 737 863 805 ΙΙ
875 735 1037 813 expedies?
1048 736 1060 804 ΙΙ
1072 737 1161 812 carto,
1176 739 1261 800 Pim-

242 924 255 994 ΙΙ
276 927 383 1002 Nempe
395 926 428 985 dt
441 926 529 986 modo.
542 925 554 994 ΙΙ
569 927 658 986 Immo
678 924 778 987 melius
798 942 888 1001 spero.
900 925 913 994 ΙΙ
929 925 973 986 Oh
992 925 1047 985 tibi
1067 832 1172 1001 gghblect
1195 943 1256 988 cre·

924 1021 1002 1094 dam,
1023 1020 1159 1081 idrciier?

591 1281 704 1382 Cap.
734 1285 814 1365 111.

667 1456 686 1538 p
710 1458 739 1518 1.

224 1571 395 1654 Postquam
418 1574 508 1655 probi
530 1573 644 1639 iudicis
666 1575 766 1640 instar
787 1574 937 1641 librorum
958 1579 1118 1658 tamquam
1133 1574 1263 1641 testium

138 1675 231 1741 fidem
259 1681 352 1741 antea
379 1675 621 1755 exploravimus,
651 1693 733 1740 nunc
754 1675 794 1739 od
817 1694 882 1742 rem
906 1676 1006 1758 ipsam
1029 1676 1263 1743 diiudicandam

138 1779 242 1862 paullo
270 1776 477 1844 confidentius
500 1777 631 1859 aggredi
654 1795 833 1860 possumus:
864 1796 957 1859 quam
980 1778 1026 1844 ita
1048 1781 1262 1860 cantabimus,

138 1889 175 1947 ut
194 1901 275 1966 quae
297 1881 419 1945 cantico
440 1897 588 1945 versuum
611 1879 796 1961 cognatione
817 1881 924 1963 aliqua
945 1881 1028 1948 inter
1050 1901 1084 1947 se
1098 1884 1264 1950 coniuncta

140 1992 228 2061 sunt,
253 1984 361 2049 eadem
383 1983 568 2065 quaestione
590 1982 843 2063 complectamur.
889 1984 959 2050 Duo
981 1992 1085 2051 autem
1107 1985 1189 2050 inter
1211 2003 1263 2051 va·

137 2087 237 2152 matos
269 2103 380 2151 versus
407 2085 599 2158 canticorum
628 2104 743 2168 genera
770 2085 976 2152 discernenda
1004 2092 1095 2166 sunt,
1128 2088 1263 2154 alterum

139 2190 223 2271 quod
246 2190 413 2256 trochaicis
435 2195 469 2255 et
489 2189 630 2255 iambicis
653 2189 794 2255 versibus
817 2194 948 2264 constet,
970 2189 1103 2254 alterum
1125 2190 1209 2272 quod
1225 2209 1263 2256 ex

138 2293 282 2360 boccheis
316 2299 348 2358 et
380 2291 503 2359 creticis
531 2290 675 2357 versibus
702 2291 907 2372 compositum
938 2295 996 2356 eet.
1049 2293 1152 2373 Atque
1180 2293 1262 2358 inter

137 2395 250 2476 prioris
273 2395 398 2476 generis
421 2394 540 2460 cantica
564 2394 656 2475 longe
674 2393 808 2476 plurima
823 2413 861 2460 ea
876 2401 959 2468 sunt
981 2393 1096 2476 quibus
1111 2393 1262 2461 trochaici
1347 2455 1349 2463 .

138 2496 290 2564 octonarii
319 2499 542 2563 immiscentur.
586 2497 796 2575 Quamobrem
824 2503 923 2561 totam
945 2495 1025 2561 hanc
1046 2499 1261 2576 quaestionem

136 2606 210 2681 apte
231 2599 277 2664 ita
298 2601 507 2678 instituemus,
530 2605 565 2665 ut
587 2600 722 2682 primum
744 2617 807 2680 qua
828 2596 952 2664 ratione
973 2598 1124 2665 trochaici
1140 2605 1173 2663 et
1187 2599 1263 2665 iam-

137 2703 198 2770 bici
225 2722 334 2770 versus
357 2702 523 2770 octonariis
546 2701 710 2768 trochaicis
733 2700 897 2777 admixtis,
922 2699 1035 2766 deinde
1057 2720 1120 2782 que
1140 2702 1263 2768 ratione

137 2806 286 2872 trochaici
314 2812 347 2871 et
372 2805 496 2870 iambici
518 2823 628 2869 versus
650 2804 819 2870 octonariis
840 2801 1007 2869 trochaicis
1029 2821 1091 2868 non
1113 2802 1261 2870 admixtis

136 2909 218 2974 inter
244 2927 278 2974 se
300 2906 485 2986 succedant,
514 2913 580 2971 tum
603 2923 665 2987 qua
687 2905 810 2971 ratione
832 2903 991 2972 bacchiaci
1013 2911 1044 2970 et
1065 2904 1172 2972 cretici
1194 2924 1262 2972 ver·

136 3027 191 3075 sus
212 3011 294 3075 inter
316 3027 351 3076 se
373 3014 556 3091 sequantur,
580 3008 756 3075 doceamus.

222 3115 327 3194 Atque
348 3112 379 3176 in
403 3109 542 3191 canticis,
565 3111 679 3194 quibus
701 3111 853 3176 octonarii
874 3110 1022 3177 trochmei
1040 3111 1262 3190 admiscentur,

135 3214 255 3297 primus
278 3214 438 3280 Bentleius
461 3214 560 3296 legem
582 3212 683 3291 iilum,
710 3230 773 3293 quo
795 3210 946 3279 octonarii
968 3213 1118 3278 trochaici
1139 3231 1261 3297 semper

136 3316 300 3383 trochaicis
322 3317 466 3384 versibus
488 3317 714 3399 exciperentur,
738 3316 897 3398 perspexit
918 3323 951 3382 et
972 3315 1012 3380 ad
1033 3313 1171 3383 Andriae
1193 3337 1261 3386 ver·

135 3432 205 3483 sum
226 3418 266 3483 11.
285 3420 348 3482 Li
371 3417 513 3502 protoht.
556 3417 594 3483 G.
618 3416 816 3484 Hermannus
844 3423 950 3484 autem
981 3417 1061 3484 hanc
1090 3419 1261 3487 trochaico-

136 3538 205 3584 rum
228 3538 375 3585 versuum
397 3519 648 3586 consecutionem
670 3539 707 3585 ex
723 3519 956 3586 continuatione
971 3521 1093 3587 numeri
1109 3522 1260 3590 trochaici

134 3623 284 3706 explicari
305 3641 397 3707 posse
418 3630 508 3690 ratus
531 3622 679 3689 adhibitis
702 3622 869 3688 octonariis
892 3623 1032 3689 iambicis
1054 3623 1260 3707 hypermetris

133 3722 350 3792 Bentleionum
372 3745 520 3792 versuum
544 3727 682 3792 ordinem
702 3724 828 3808 saepius
843 3725 985 3790 mutavit.
1019 3726 1080 3804 Qui
1095 3732 1167 3806 post
1181 3726 1258 3793 Her·

133 3827 239 3891 manni
261 3836 395 3896 aetatem
424 3827 546 3894 fabulas
568 3827 774 3894 Terentianae
797 3829 979 3908 ediderunt,
1002 3826 1136 3894 Bentleii
1157 3827 1259 3911 legem

133 3934 198 3994 tom
227 3937 405 3998 constanter
435 3930 536 3998 secuti
563 3938 651 4009 sunt,
679 3938 715 3995 ut
738 3950 821 4006 eam,
850 3931 902 3996 ubi
926 3930 1124 3998 doctissimus
1144 3932 1192 3996 vir
1214 3937 1260 3998 te·

133 4036 255 4108 nuerat,
279 4039 311 4097 et
332 4034 392 4116 ipsi
410 4038 561 4114 tenerent,
586 4033 640 4098 ubi
655 4040 760 4098 autem
777 4033 958 4112 violaverat,
975 4040 1007 4100 et
1022 4033 1081 4114 ipsi
1097 4035 1258 4101 violarent.

42 4206 45 4212 ¹
217 4131 453 4201 Proficiscamur
475 4135 508 4201 in
530 4136 719 4216 explicandis
734 4135 827 4200 huius
844 4137 967 4217 generis
982 4135 1113 4202 canticis
1128 4156 1148 4203 a
1163 4138 1259 4203 Phor·

132 4237 243 4302 mionis
258 4255 371 4303 scaena
382 4235 439 4302 111.
455 4240 483 4300 1.
517 4238 654 4321 Antipho
669 4237 861 4320 adulescens,
880 4246 1046 4321 postquam
1057 4241 1258 4322 turpissimae
1329 4259 1347 4284 -·
