3074 4886
723 327 870 401 ,54

367 525 448 592 Eun.
461 525 517 593 IV.
533 529 548 591 1
566 545 697 596 scaenae
719 529 841 595 initium
864 531 926 595 duo
948 529 1098 596 trochaici
1112 529 1238 596 ordines
1253 530 1409 612 simplices

284 633 488 710 occuparunt,
511 647 643 711 quorum
665 631 697 697 in
720 632 834 698 altero:

641 735 657 796 1
682 733 792 800 Troch.
816 738 877 800 oct.
919 819 921 824 ,

735 836 751 898 1
777 835 887 902 Troch.
910 841 990 917 sept.

829 937 844 999 1
869 934 967 1002 Iamb.
991 943 1051 1003 oct.

282 1017 315 1084 in
337 1017 437 1085 altero

642 1105 662 1168 3
685 1106 795 1172 Trooh.
819 1109 880 1171 oct.

736 1210 752 1271 l
777 1208 888 1274 Troch.
911 1211 990 1288 sept.

828 1310 844 1372 1
868 1307 967 1374 Iamh.
991 1314 1051 1376 oct.

282 1411 406 1478 insunt:
428 1430 500 1477 nam
522 1411 637 1478 iniuria
657 1409 819 1479 Bentleius
841 1430 950 1477 versus
972 1411 992 1475 3
1015 1417 1047 1479 et
1069 1413 1099 1493 8,
1122 1433 1256 1497 quorum
1278 1419 1409 1498 uterque

284 1512 435 1578 iambicus
463 1513 642 1579 octonarius
676 1517 740 1592 est,
769 1514 801 1578 in
830 1514 1004 1581 trochaicus
1037 1516 1233 1596 septenarios
1266 1519 1408 1597 mutavit,

284 1631 386 1695 neque
408 1615 574 1698 quisquam
595 1615 803 1680 recentiorum
825 1615 979 1681 editorum
995 1617 1053 1681 viri
1073 1619 1243 1684 doctissimi
1266 1621 1409 1685 mutatio·

284 1736 340 1784 nes
361 1719 488 1800 reecpit
529 1717 590 1796 Qui
620 1722 725 1782 autem
747 1736 858 1783 versus
884 1725 957 1799 post
983 1720 1158 1787 trochaicus
1187 1722 1315 1787 ordines
1337 1723 1407 1787 scri·

285 1819 379 1886 hendi
400 1820 473 1898 sint,
496 1818 621 1886 difficile
644 1827 693 1885 est
710 1819 892 1886 diiudicata.
925 1821 962 1886 In
977 1821 1065 1886 libris
1080 1823 1112 1886 hi
1123 1842 1232 1890 versus
1247 1825 1409 1907 leguntur:

361 1958 447 2017 lllilos
468 1973 533 2017 varo
554 1956 611 2016 sibi
630 1958 730 2031 putare
750 1956 902 2018 adductum
923 1958 989 2017 ante
1009 1958 1104 2018 oculos
1124 1957 1277 2020 admulum:

288 2057 325 2112 10
364 2051 462 2112 Voluit
482 2051 576 2114 facero
597 2053 694 2113 contra
713 2052 781 2112 huic
801 2069 899 2128 aegre:
920 2055 997 2125 haus,
1019 2053 1121 2128 inquit,
1140 2072 1218 2128 pnor,
1233 2055 1409 2132 Pamphilam

367 2146 499 2220 Aooorso,
520 2149 552 2205 ut
572 2146 692 2206 delectat
707 2147 754 2206 hio
769 2165 829 2206 nos.
856 2147 905 2206 illa
925 2148 1078 2208 exclamat:
1099 2150 1217 2215 minimo¹
1233 2150 1387 2226 gentiumr·

362 2238 408 2300 'In
428 2240 588 2302 convivium
608 2240 706 2300 sslami
731 2241 811 2301 milas
831 2240 956 2302 landae:
982 2242 1048 2301 inde
1068 2243 1105 2301 ad
1124 2242 1256 2318 iurgium.

363 2330 485 2396 'Interea
503 2352 601 2394 aarum
622 2335 679 2394 sibi
699 2334 770 2395 olam
791 2334 890 2395 mulier
910 2334 1005 2406 uomit
1027 2336 1076 2395 dat
1095 2336 1164 2394 mihi
1184 2338 1216 2396 ut
1236 2337 1371 2398 anferam.

362 2429 426 2491 Hdo
445 2431 489 2490 ast
508 2429 598 2505 signi:
621 2429 669 2490 ubi
689 2431 809 2506 primum
829 2430 942 2504 poterit,
963 2446 994 2490 sa
1013 2431 1094 2492 illinc
1113 2432 1253 2493 subtecti
1272 2434 1339 2495 scio.

286 2555 406 2624 Versus
423 2559 460 2621 11
484 2559 607 2642 longior
621 2563 679 2633 est,
702 2577 795 2642 quam
817 2565 1014 2641 expectator:
1035 2559 1142 2643 itaque
1157 2553 1320 2629 Bentleius
1340 2581 1411 2630 eum

286 2679 356 2728 oum
378 2662 521 2743 sequenti
543 2680 635 2728 versu
657 2662 827 2745 synapheia
849 2663 1019 2743 coniunxit,
1042 2669 1078 2729 ut
1092 2682 1201 2731 versus
1225 2664 1336 2731 ultima
1351 2667 1412 2749 syl·

285 2765 358 2831 laba
380 2764 504 2831 abiecta
525 2765 701 2832 trochaicus
729 2769 907 2832 octonarius
936 2772 1029 2832 esset
1069 2766 1132 2833 Sed
1162 2769 1304 2849 quamvis
1326 2774 1411 2834 reete

286 2867 457 2952 synapheia
484 2869 517 2932 in
540 2869 735 2934 Terentianis
767 2867 881 2934 iabulis
914 2871 1082 2949 statuatur,
1112 2876 1217 2936 tamen
1250 2871 1308 2937 hoc
1342 2873 1412 2938 loeo

287 2969 490 3053 gravissimae
512 2969 702 3036 dubitationi
724 2971 857 3037 obnoxia
879 2977 936 3038 est.
978 2971 1058 3037 Nam
1088 2972 1263 3038 trochaicus
1287 2980 1413 3041 octona-

288 3073 353 3138 rius
381 3090 473 3156 quem
497 3071 657 3139 Bentleius
686 3075 810 3154 scripsit
842 3073 918 3140 nulli
947 3074 1105 3140 trochaico
1132 3077 1233 3142 ordini
1261 3095 1414 3144 acommo-

287 3175 357 3241 dari
378 3181 493 3255 potest
527 3175 696 3240 Praeterea
718 3175 890 3258 perfectum
913 3176 1029 3258 coluit,
1056 3178 1139 3261 quod
1161 3179 1192 3243 in
1215 3182 1413 3246 antecedenti

288 3293 382 3343 uersu
411 3277 562 3356 occurrit,
593 3277 624 3341 in
654 3279 901 3360 exagitatissima
930 3280 1061 3346 ancillae
1090 3279 1247 3361 oratione,
1277 3284 1413 3348 medium

287 3380 370 3445 inter
390 3377 576 3458 infinitivus,
606 3378 681 3446 ferri
708 3399 770 3446 non
800 3386 913 3464 potest.
957 3383 1061 3462 Quare
1084 3383 1296 3464 Hermannus,
1319 3402 1412 3465 quem

288 3482 510 3550 Fleckeisenus
532 3488 659 3550 secutus
681 3491 742 3559 est,
765 3485 903 3567 perlecto
924 3485 1023 3550 uoluit
1043 3485 1168 3553 sublato
1191 3490 1223 3552 et
1245 3489 1340 3554 verbo
1362 3509 1411 3552 oc-

289 3607 374 3650 carae
395 3585 427 3650 in
451 3603 577 3650 versum
594 3585 633 3649 10
655 3584 752 3651 ascito
774 3584 831 3651 hos
854 3603 963 3651 versus
985 3587 1165 3653 scribendos
1188 3591 1362 3671 proposuit:

366 3703 470 3766 Facere
485 3707 583 3765 eontra
595 3704 663 3765 hnic
675 3704 773 3781 aigro:
793 3706 873 3780 heus,
887 3706 989 3781 inquit,
1003 3706 1078 3782 prior,
1097 3723 1209 3767 accersa
1223 3707 1411 3784 Pamphilam,

364 3796 416 3857 'Ut
434 3797 557 3858 delectet
575 3799 622 3860 hio
641 3817 701 3860 nos.
731 3799 781 3874 illa
800 3799 952 3859 exclamat:
978 3801 1092 3860 minima
1112 3799 1247 3876 gentium.

290 3913 378 3992 Quae
407 3912 582 3977 emendatio
610 3913 670 3978 etsi
699 3931 760 3978 nou
789 3889 950 3979 lenissima
979 3918 1039 3990 est,
1070 3917 1175 3978 tamen
1206 3932 1276 3979 cnm
1306 3933 1412 3998 omnes

290 4011 490 4080 difficultates
512 4013 670 4096 expediat,
697 4013 773 4078 mihi
795 4013 927 4078 maxime
950 4014 1115 4095 probatur:
1145 4033 1246 4097 neque
1267 4017 1412 4098 ambigue

290 4116 330 4182 ab
358 4116 426 4196 ipso
449 4115 571 4181 Donato
599 4114 809 4195 confirmatur,
840 4114 953 4197 quiin
983 4116 1128 4183 lemmate
1149 4116 1256 4184 affert:
1286 4137 1412 4186 accerse

290 4216 491 4298 Pamphilam.
