3074 4886
682 365 730 431 47.

139 574 174 629 10
213 568 313 641 Itaque
333 567 389 627 uine
409 568 554 628 internos
575 568 659 644 egere
673 573 794 630 sentem
814 570 905 632 lloeet·
919 568 932 636 ΙΙ
944 571 980 630 Di
995 571 1068 631 mala
1082 571 1260 648 prohibeant.

214 661 227 730 ΙΙ
246 662 348 737 Meque
369 660 421 721 eos
433 664 461 722 te
481 663 611 722 inmerito
632 681 694 730 esee
715 664 873 725 tooosetem
893 666 957 742 pdst
978 667 1058 727 modo
1079 667 1222 728 reseisede.
1246 665 1259 735 ΙΙ

1087 761 1159 822 Scio.

214 852 254 910 'l'e
274 851 425 911 inmerito?
446 869 481 910 en
496 853 644 927 quiequam
664 870 715 929 pro
729 855 794 914 istie
809 855 892 915 laetis
906 856 1021 931 dignum
1034 859 1062 917 te
1077 856 1134 916 dioi
1146 859 1262 931 potest?

215 944 291 1015 Quae
310 961 355 1004 me
376 945 404 1005 et
424 949 452 1006 te
471 949 501 1006 et
520 946 656 1006 familie'am
678 948 838 1021 dedecores,
858 949 918 1008 illio
939 949 1044 1008 luotrim
1066 967 1158 1024 peres.

216 1040 287 1098 Tum
307 1041 400 1098 autem
422 1038 456 1098 dx
476 1039 575 1099 amieis
595 1040 703 1100 lnimioi
724 1043 755 1100 ut
775 1041 834 1101 siut
853 1041 936 1100 nobie
956 1041 1063 1101 adfines
1084 1041 1164 1113 faeie,

143 1138 178 1192 15
218 1132 272 1202 Qui
292 1131 369 1190 illrim
392 1133 541 1193 decrerunt
562 1133 687 1208 dignum,
708 1151 774 1194 suos
794 1136 839 1194 oui
860 1135 964 1194 llberos
984 1137 1198 1196 committerent.

215 1227 257 1284 Tu
278 1225 340 1285 sola
359 1243 480 1300 exorere,
501 1227 573 1300 quae'
594 1230 740 1302 perturbes
761 1228 830 1288 hedo
850 1230 900 1289 tua
919 1229 1095 1304 inpudentia.

215 1320 228 1387 ΙΙ
245 1321 344 1395 Egon?
362 1321 375 1387 ΙΙ
392 1322 434 1381 Tu
459 1322 573 1395 inquam
600 1322 708 1394 mulier,
735 1323 806 1396 quae
833 1340 876 1382 me
906 1325 1017 1383 omniuo
1042 1323 1179 1398 lapidem,
1206 1341 1262 1384 non

907 1417 1049 1477 hominem
1068 1421 1160 1494 putes.

216 1509 260 1568 An
281 1513 347 1585 quie
368 1512 426 1572 ruri
449 1513 545 1572 erebro
566 1511 627 1572 e‘see
648 1512 732 1586 soleo,
754 1512 864 1572 nescire
885 1511 1070 1586 arbitremini,

292 1605 352 1675 Quo
374 1606 492 1680 quisque
513 1608 596 1680 paeto
616 1606 663 1666 hio
683 1608 769 1666 uitem
790 1608 944 1666 vostrarum
966 1605 1080 1681 exiget?

224 1783 356 1852 Versum
373 1787 393 1850 4
409 1785 570 1852 Bentleius
593 1787 732 1867 spurium
756 1791 787 1850 et
809 1784 1023 1850 adulterinum
1046 1789 1079 1850 et
1100 1790 1209 1850 natum
1225 1805 1263 1850 ex

137 1894 212 1954 nota
240 1889 405 1970 marginali
434 1906 502 1954 esse
529 1887 692 1966 iudicavit,
724 1889 857 1968 primum
887 1888 971 1970 quod
998 1886 1084 1952 filum
1112 1887 1262 1953 orationis

136 1991 393 2072 interrumperet,
418 1991 530 2056 deinde
552 1991 635 2073 quod
658 1996 724 2055 toto
747 1991 826 2070 pede
849 1989 1005 2056 deficeret.
1051 1992 1154 2072 Atque
1176 1989 1262 2055 filum

110 2094 287 2172 ,orationis
310 2093 507 2159 doctissimus
530 2091 578 2157 vir
601 2095 640 2158 ob
664 2111 731 2157 eam
754 2111 881 2159 causam
897 2093 953 2159 boo
969 2110 1062 2157 versu
1078 2091 1262 2174 interrumpi

139 2196 233 2274 dixit,
263 2197 345 2275 quod
375 2197 511 2261 secundo
540 2197 696 2277 tertioque
720 2203 752 2260 et
773 2194 883 2277 quinto
907 2213 1000 2260 versu
1023 2212 1185 2260 commune
1208 2192 1263 2258 ali·

136 2298 220 2378 quod
244 2297 407 2363 mulierum
430 2298 567 2363 omnium
592 2297 703 2362 vitium
724 2297 928 2379 proferretur,
952 2300 1066 2378 quarto
1081 2302 1186 2361 eutem
1202 2297 1263 2360 sin·

137 2399 246 2481 gulare
268 2419 413 2465 socruum
437 2402 546 2465 vitium
570 2400 750 2478 inferretur,
774 2419 835 2482 quo
859 2418 1020 2464 commune
1043 2398 1181 2464 omnium
1197 2416 1263 2462 mu·

136 2501 249 2565 lierum
273 2502 381 2565 vitium
405 2502 577 2568 tolleretur.
613 2502 674 2567 Sed
698 2504 787 2566 nimis
810 2502 900 2566 anxie
923 2501 1083 2566 Bentleius
1106 2501 1263 2565 notionem

138 2624 242 2667 omues
264 2603 412 2666 mulieres
434 2606 658 2684 interpretatus
682 2611 738 2683 est,
762 2623 843 2685 quae
866 2622 927 2667 non
952 2611 1016 2668 tarn
1040 2601 1178 2668 aurificis
1200 2609 1261 2667 sta·
1322 2661 1326 2666 .

137 2710 222 2783 tera,
253 2711 287 2770 ut
315 2726 385 2771 eum
409 2704 558 2772 Cicerone
585 2707 712 2787 loquar,
742 2707 796 2771 ead
820 2704 964 2788 populari
986 2706 1119 2785 quadam
1143 2706 1263 2770 trutina

137 2807 421 2884 examinandaest,
445 2813 480 2871 ut
501 2807 533 2871 in
556 2806 753 2888 generalibus
776 2814 939 2887 poetarum
955 2807 1118 2870 sententiis
1131 2825 1190 2888 per
1205 2811 1262 2872 eet.

136 2909 217 2974 Nam
240 2931 344 2972 omnes
366 2907 515 2972 mulieres
538 2911 569 2973 in
593 2910 640 2973 his
657 2909 799 2975 versibus
816 2911 925 2974 eadem
941 2909 1097 2974 sententia
1111 2909 1263 2990 interpre-

136 3012 267 3078 tandum
290 3017 347 3091 est,
371 3030 434 3092 qua
457 3032 510 3074 ooo
534 3013 566 3075 iu
589 3013 731 3077 versibus
753 3011 880 3076 43--45
905 3012 1021 3076 dictum
1045 3017 1107 3075 eet:

214 3224 221 3240 .
244 3225 251 3240 .
273 3224 279 3240 .
301 3199 365 3242 nem
387 3186 544 3242 vostrarum
566 3183 645 3243 nulla
664 3185 716 3256 est,
738 3183 805 3256 quin
826 3184 943 3258 gnatum
964 3182 1034 3241 velit

213 3277 321 3336 Duoere
342 3292 468 3336 uxorem:
489 3293 512 3336 e.
527 3294 554 3349 q.
570 3293 593 3336 e.

137 3460 199 3525 qua
220 3438 478 3520 interpretatione
501 3440 642 3505 adhibita
664 3440 764 3505 oratio
787 3440 818 3503 in
842 3439 949 3519 primis
971 3440 1115 3506 versibus
1130 3441 1215 3507 clare
1230 3447 1263 3507 et

135 3545 302 3626 perspicua
323 3556 387 3611 est:
419 3545 481 3612 Vos
504 3564 610 3612 omnes
634 3547 742 3611 eadem
765 3564 865 3627 aeque
887 3544 1031 3624 studetis,
1054 3546 1137 3611 unde
1159 3544 1204 3622 fit,
1227 3548 1263 3611 ut

136 3664 192 3710 vos
215 3664 322 3712 omnes
344 3665 442 3713 nurus
464 3654 587 3714 vestrae
609 3648 749 3726 oderitis
772 3666 828 3714 uos
851 3666 976 3729 semper
996 3649 1071 3712 viris
1094 3665 1194 3728 aeque
1208 3648 1262 3713 ad·

135 3767 245 3814 uersae
274 3749 365 3828 estis,
399 3767 455 3814 vos
485 3751 517 3814 in
547 3751 655 3815 eodem
685 3749 759 3814 ludo
787 3750 828 3814 ad
856 3750 1006 3815 malitiam
1034 3749 1145 3816 doctae
1174 3751 1260 3815 estis.

136 3850 241 3929 Quare
263 3851 322 3917 boo
344 3852 485 3918 Bentleio
509 3852 679 3918 concedere
701 3872 762 3918 non
785 3871 912 3934 possum
934 3853 1106 3918 orationem
1128 3872 1221 3918 uersu
1241 3855 1262 3917 4

134 3954 330 4035 interrumpi.
370 3953 413 4019 At
431 3960 531 4021 restat
553 3955 653 4021 altera
675 3954 809 4022 Bentleii
832 3975 936 4034 causa,
960 3957 1043 4038 quod
1066 3973 1175 4021 versus
1197 3974 1261 4021 cor-

135 4063 248 4138 ruptus
282 4061 344 4138 eet,
377 4058 416 4123 de
449 4077 511 4140 qua
541 4058 720 4139 corruptela
749 4076 856 4124 omnes
886 4060 1023 4128 editores
1051 4061 1259 4126 consentiunt.

135 4157 356 4226 Fleckeiseuus
383 4162 576 4243 interpositis
599 4164 701 4229 verbis
724 4163 924 4227 omnisonae
947 4179 1070 4228 uersum
1094 4163 1260 4228 iambicum

135 4264 330 4328 octonarium
353 4263 471 4343 effecit,
494 4265 759 4348 Umplenbecbius
783 4285 853 4332 aum
876 4265 1071 4348 desperantis
1094 4265 1185 4347 signo
1206 4284 1261 4330 no·
