3074 4886
686 370 724 431 17

137 574 188 658 (ci.
205 593 232 642 e.
248 593 278 656 g.
295 575 376 640 Eun.
386 573 441 639 IV.
457 575 487 639 3.
500 573 547 654 8),
570 574 666 640 verba
687 578 793 640 autem
816 567 895 654 quid
911 570 992 633 istac
1014 578 1060 630 111
1083 569 1158 631 sunt
1180 566 1261 647 rogi-

138 677 244 752 tantis,
267 675 353 741 velut
375 677 407 739 in
429 676 553 740 Phorm.
576 693 668 741 versu
683 673 724 738 Π.
742 676 769 736 1.
788 674 838 737 27:

250 793 262 860 ΙΙ
273 792 380 853 Vellem
401 793 521 867 quidam·
534 793 547 860 11
558 793 631 863 Quid
650 794 724 854 istdc
745 796 807 853 est?
820 792 832 860 ΙΙ
843 791 971 867 Rogitas,
992 787 1151 851 Phaedria?

136 923 198 987 quo
221 911 400 987 comparato
423 925 512 973 nemo
535 907 681 972 dubitare
702 911 814 986 potest,
839 905 913 988 quin
930 901 1062 970 Bentleii
1085 902 1261 970 emendatio

137 1007 342 1090 improbanda
369 1009 420 1072 sit.
455 1009 498 1072 At
519 1007 634 1074 alicubi
662 1008 695 1073 in
718 1007 776 1073 hoc
798 1026 893 1072 versu
916 1026 935 1072 a
956 1006 1093 1072 librariis
1121 1008 1261 1070 erratum

137 1098 354 1187 videturesse,
377 1120 447 1173 cum
469 1109 589 1174 tradita
603 1111 699 1176 verba
721 1109 838 1174 nullius
853 1127 961 1174 versus
984 1108 1121 1172 numeris
1144 1104 1261 1172 includi

136 1212 265 1293 possint.
299 1211 448 1276 Erratum
472 1217 535 1276 est:
559 1212 613 1276 sed
636 1230 698 1276 non
713 1218 777 1276 tam
801 1223 846 1273 111
868 1229 939 1276 cum
950 1210 1093 1276 Bentleio
1116 1208 1260 1273 omitten-

137 1315 225 1388 dum,
254 1329 348 1392 quam
371 1313 512 1375 1111111111
535 1333 567 1375 11
590 1312 640 1378 111
663 1310 830 1376 1111111111
853 1312 1052 1379 scribendum
1074 1319 1125 1377 est
1147 1309 1261 1377 collato

136 1414 283 1480 Eunuchi
304 1433 397 1480 versu
412 1413 466 1480 IV.
481 1415 511 1476 1.
528 1415 584 1478 24:

186 1525 323 1601 Rogitas?
347 1541 420 1599 quaa
439 1525 478 1584 mi
498 1529 562 1586 ante
583 1525 677 1586 oculos
698 1544 791 1587 coram
811 1526 962 1586 ametorem
983 1491 1208 1586 adduxtltuom.

136 1627 248 1710 Itaque
277 1630 307 1692 in
335 1628 393 1693 hac
422 1646 546 1713 quoque
574 1648 686 1695 scaena
707 1631 872 1696 Terentius
894 1647 1004 1696 uersus
1032 1629 1083 1695 bis
1113 1627 1260 1708 deinceps

136 1730 180 1795 ita
202 1729 370 1810 disposuit,
398 1737 434 1796 ut
462 1733 641 1798 octonarius
671 1734 846 1799 trochaicus
869 1733 1008 1796 ordinem
1031 1730 1169 1810 inchoet,
1193 1747 1261 1810 sep-

136 1832 275 1898 tenarius
298 1833 466 1910 continuet,
490 1835 669 1900 octouarius
692 1833 842 1899 iambicus
865 1831 970 1898 finiat:

472 1934 584 2001 Troch.
607 1941 707 2002 octon.
866 2004 868 2009 .

579 2037 690 2102 Troch.
714 2043 832 2120 septen.

490 2213 495 2219 ,
701 2140 798 2206 lamb.
822 2144 923 2206 octon.

135 2241 355 2307 Terminantur
384 2245 489 2306 autem
511 2240 623 2316 variati
651 2240 743 2306 huius
766 2260 897 2307 scaenae
919 2243 1039 2307 numeri
1061 2241 1261 2308 1111111111-

136 2350 236 2409 metro
265 2343 436 2409 acatalecto
460 2343 526 2408 aive
552 2343 685 2410 iambico
712 2345 922 2425 quaternario.
967 2345 1011 2412 Ut
1033 2346 1171 2409 omnium
1194 2362 1259 2408 ver-

135 2465 227 2512 suum
249 2445 423 2512 minuscule
438 2444 515 2523 cola,
538 2445 582 2509 ita
605 2447 699 2510 etiarn
722 2445 846 2512 iambici
863 2446 1057 2525 quaternarii
1071 2445 1260 2510 aveteribus

135 2548 345 2629 grammaticis
368 2547 525 2612 clausulae
547 2553 675 2612 vocatae
697 2555 785 2612 sunt:
813 2549 896 2630 quod
919 2568 1030 2614 nomeu
1054 2549 1153 2614 Varro
1176 2547 1260 2628 apud

136 2649 281 2715 Rufinum
304 2670 355 2731 pg.
372 2650 475 2714 5561(
498 2649 679 2714 minusculis
709 2651 785 2715 colis
813 2652 852 2715 ob
876 2670 944 2715 eam
973 2667 1099 2715 causam
1121 2648 1257 2714 inditum

135 2773 204 2819 esse
239 2751 385 2832 explicat,
423 2749 507 2834 quod
541 2748 723 2814 clauderent
755 2753 948 2815 senteutiam.
1004 2753 1114 2834 Neque
1151 2758 1257 2816 tamen

135 2859 212 2922 haec
240 2855 389 2920 Varronis
423 2852 587 2932 explicatio
626 2854 773 2935 exemplis
808 2855 1002 2919 Terentiauis
1040 2853 1260 2934 comprobatur

136 2957 189 3042 (11.
213 2977 239 3021 1.
255 2977 285 3038 g.
309 2957 390 3020 Eun.
408 2952 461 3019 IV.
479 2955 509 3017 3.
525 2953 553 3033 5,
578 2955 672 3018 Haut.
691 2956 746 3019 111.
763 2956 792 3018 3.
809 2957 839 3034 5,
862 2956 919 3020 hd.
934 2956 987 3021 lV.
1006 2959 1032 3019 l.
1050 2957 1093 3038 8),
1117 2974 1219 3036 neque
1242 2974 1260 3019 a

135 3060 278 3126 Varrone
299 3060 366 3140 ipso
382 3076 456 3123 vera
480 3075 548 3121 esse
571 3056 677 3122 habita
693 3057 831 3122 videtur:
854 3076 925 3121 narn
947 3057 1001 3121 1.1.
1024 3058 1141 3138 pergit:
1169 3079 1261 3120 »oon-

135 3186 303 3250 aumquam
320 3159 423 3224 11111
443 3161 478 3244 (1.
491 3177 517 3222 e.
532 3158 693 3241 clausulis)
716 3159 840 3223 1111111111
854 3159 899 3244 fit
915 3171 951 3222 ut
966 3159 1057 3245 opud
1073 3158 1259 3225 Caecilium:

536 3261 586 3324 Di
610 3261 680 3326 boni
701 3260 856 3347 quidhoc

138 3342 228 3435 apud
249 3347 442 3411 Terentium:

528 3430 720 3495 Discrucior
742 3431 886 3496 1111111111·

221 3533 419 3602 Probabilius
441 3552 515 3600 vero
538 3534 657 3599 diceres
679 3534 889 3600 clausularum
913 3554 1025 3600 nomeu
1048 3537 1120 3602 inde
1141 3535 1262 3618 prolec·
1329 3545 1330 3550 ’

135 3643 203 3704 tum
225 3657 302 3716 esse,
326 3637 408 3720 quod
432 3637 570 3702 membra
592 3635 744 3714 quaedam
768 3638 861 3700 certis
883 3637 1020 3701 numeris
1042 3656 1079 3704 ac
1101 3640 1201 3703 modis
1216 3640 1261 3704 di·

137 3741 252 3805 stincta
279 3739 480 3817 clauderent:
503 3741 547 3804 Ac
569 3737 707 3820 proiecto
737 3739 817 3803 hanc
839 3739 871 3802 in
894 3740 1077 3805 minusculis
1099 3741 1175 3806 colis
1199 3740 1260 3806 vim

136 3841 239 3906 inesse
260 3841 370 3906 multis
392 3841 466 3907 locis
489 3858 611 3905 summa
633 3859 702 3906 cum
718 3840 940 3920 probabilitate
955 3844 1051 3907 statui
1067 3843 1149 3919 licet,
1172 3862 1257 3924 prae·

136 3945 245 4010 sertim
275 3961 346 4008 cum
375 3943 524 4025 pleraque
553 3947 704 4025 perpetuo
737 3961 867 4009 numero
901 3962 971 4009 cum
1005 3946 1261 4010 antecedentibus

136 4047 279 4113 versibus
303 4044 499 4110 cohaereant.
545 4045 654 4127 Neque
676 4050 780 4108 tumen
796 4043 970 4110 minuscula
985 4045 1052 4110 cola
1075 4046 1261 4128 ubicumque

137 4155 314 4227 occurrunt,
327 4165 449 4228 semper
463 4152 569 4227 partes
581 4163 726 4212 versuum
743 4147 824 4210 iuter
836 4165 870 4211 11
885 4146 1121 4212 coniunctorum
1137 4146 1261 4213 finiunt:

137 4269 210 4316 nam
233 4269 327 4332 quam
350 4266 497 4314 versuum
519 4255 640 4330 partem
669 4250 709 4315 ab
732 4247 777 4313 111
804 4248 908 4315 claudi
930 4251 962 4314 in
985 4251 1172 4317 continuatis
1194 4270 1261 4316 ver·

1090 4353 1108 4404 2
