3074 4886
826 298 879 367 48

757 377 956 398 ——uah—-u

291 504 380 572 tavit.
424 506 492 588 Ego
518 505 637 583 nescio,
668 522 725 570 cnr
747 505 883 572 editores
906 505 989 600 hunc
1011 525 1136 605 versum
1159 505 1317 572 senarium
1341 508 1424 574 dare

291 605 521 674 dubitaverint:

440 763 540 834 ltaque
562 760 632 819 ideo
653 778 708 821 uno
728 762 822 822 animo
844 761 939 821 omnes
960 779 1056 821 socrus
1076 761 1197 822 oderint
1216 780 1313 822 nurus.

289 909 335 972 ita
361 912 397 972 nt
421 904 555 970 iambica
576 923 635 969 vox
656 926 765 968 cocras
787 904 820 968 in
843 905 923 971 thesi
947 913 1097 988 ponatur,
1127 906 1213 970 velut
1235 907 1419 988 saepissime

288 1010 320 1075 in
344 1011 443 1090 prima
467 1007 563 1082 thesi,
592 1007 800 1072 insecundo:
827 1007 923 1071 Haut.
940 1008 982 1070 11.
998 1008 1028 1070 4.
1045 1007 1081 1086 8,
1110 1008 1140 1072 in
1163 1011 1272 1074 tertia:
1301 1009 1359 1072 Ad.
1376 1009 1417 1073 ΙΙ.

291 1114 319 1174 1.
337 1111 386 1191 13,
409 1109 442 1175 in
464 1109 591 1191 quinta:
615 1107 694 1171 Eun.
715 1108 753 1171 ΙΙ.
770 1108 799 1170 2.
817 1109 867 1187 51,
891 1106 1013 1174 Phorm.
1032 1108 1068 1172 V.
1086 1109 1115 1173 3.
1131 1111 1161 1173 4.

377 1211 507 1276 Servate
530 1217 636 1274 autem
659 1212 783 1274 senario
806 1217 871 1275 tres
892 1211 1094 1277 iambicorum
1119 1213 1348 1278 octonariorum
1370 1233 1419 1278 or·

289 1315 377 1379 dines
405 1316 572 1395 apparent,
608 1330 742 1393 quorum
770 1313 856 1392 prior
884 1313 1056 1379 attentius
1086 1314 1231 1395 singulis,
1258 1315 1416 1381 secundus

289 1416 411 1483 duobus
433 1415 565 1480 senariis
591 1412 709 1480 finitur.

504 1549 602 1618 Iamb.
625 1557 686 1618 oct.
762 1551 859 1618 lamb.
882 1557 943 1618 oct.
1018 1552 1116 1619 Iamb.
1139 1561 1201 1620 oct.

556 1651 665 1719 Sencr.
816 1653 925 1719 Senar.
1072 1654 1180 1721 Senar.

374 1780 411 1845 In
434 1781 576 1864 Hecyrae
591 1779 628 1846 V.
649 1783 664 1843 1
690 1800 803 1848 scaena
825 1780 949 1847 iambici
972 1784 1123 1848 octonarii
1146 1789 1178 1849 et
1199 1784 1325 1851 iambici
1347 1803 1415 1867 sen

288 1885 401 1948 terrarii
423 1887 668 1968 coniunguntur:

366 2039 430 2098 Non
455 2039 509 2098 hdo
534 2039 568 2100 de
594 2040 724 2113 nimiost,
755 2040 831 2114 quod
857 2041 966 2100 Laches
993 2058 1035 2102 me
1061 2040 1135 2099 minc
1160 2043 1324 2100 conventam
1351 2058 1414 2102 osse

365 2227 426 2286 Nec
445 2227 493 2302 pol
515 2246 558 2288 me
579 2229 696 2288 multum
718 2228 807 2300 fallit,
834 2229 902 2303 qnin
922 2227 996 2302 qnod
1016 2227 1143 2302 snspicor
1162 2135 1395 2302 sifflgffveht·

366 2319 549 2387 iividdndnm
570 2328 627 2394 ast,
654 2340 689 2383 ne
713 2324 806 2382 minns
831 2323 947 2398 propter
967 2323 1038 2381 iram
1064 2323 1138 2382 hanc
1162 2322 1308 2397 impetrem
1329 2341 1413 2397 qnam

366 2510 424 2567 nur
443 2509 549 2583 nequid
571 2511 670 2569 faciam
692 2511 765 2584 piris,
785 2511 858 2584 quod
879 2513 945 2585 post
965 2528 1007 2569 me
1027 2510 1119 2568 minus
1133 2414 1347 2569 fecisbssefflginiius
1365 2510 1414 2568 ait.

307 2607 324 2659 5
440 2603 607 2678 Adgrediar.
647 2605 778 2677 Bacchis,
799 2603 885 2663 silve.

291 2705 292 2710 ’
440 2696 455 2768 ΙΙ
476 2697 567 2771 Salve,
583 2699 700 2758 Laches.
711 2705 724 2772 ΙΙ
737 2699 823 2758 credo
838 2697 936 2771 idopol
950 2699 978 2757 te
993 2715 1048 2757 non
1070 2696 1140 2755 nihil
1162 2697 1265 2768 mirari,
1283 2696 1412 2770 Bicchis

442 2790 515 2860 Quid
536 2791 582 2864 sit,
603 2794 775 2868 quapropter
794 2795 822 2851 te
844 2792 899 2850 hric
919 2791 993 2850 iores
1014 2807 1130 2866 puerum
1153 2790 1269 2851 evocare
1289 2792 1368 2851 idssi.

436 2886 449 2953 ΙΙ
466 2887 526 2962 Ego
547 2886 595 2961 pol
616 2904 725 2961 qnoque
745 2887 830 2947 etiam
850 2887 951 2945 timida
971 2904 1041 2958 snm,
1063 2904 1124 2945 cnm
1141 2885 1217 2945 venit
1237 2888 1265 2944 in
1287 2890 1413 2945 mentem

440 3078 484 3136 Ne
505 3076 606 3136 nomon
628 3077 697 3135 mihi
717 3076 828 3149 quaesti
849 3076 954 3135 dbsiet:
976 3092 1039 3134 nem
1060 2980 1360 3135 mdreguijciiimt’dtor.

290 3175 326 3228 10
446 3171 459 3237 ΙΙ
471 3172 501 3230 Si
522 3170 588 3231 vera
609 3171 690 3240 diois,
710 3171 782 3229 nihil
803 3170 857 3228 tibi
877 3175 922 3228 est
942 3187 959 3228 a
979 3168 1022 3228 me
1038 3168 1151 3244 pericli,
1171 3167 1283 3227 mailier:

440 3265 513 3324 Nam
538 3283 572 3326 ea
597 3264 690 3325 aetate
716 3265 771 3324 iem
798 3282 874 3338 sum,
900 3267 932 3323 nt
951 3263 1008 3324 ndn
1028 3265 1085 3324 siet
1104 3262 1221 3338 peccito
1242 3262 1280 3321 mi
1301 3261 1415 3336 ignosci

440 3453 499 3524 Qno
520 3453 612 3528 magis
632 3454 722 3512 omnis
743 3471 788 3514 ros
808 3453 919 3512 caritins
939 3469 976 3513 ne
996 3451 1099 3512 timere
1120 3356 1356 3509 iacizffilusd'cdro.

439 3547 510 3605 Nam
532 3547 558 3605 si
579 3547 650 3606 iacis
670 3546 813 3606 factdreve
835 3564 872 3616 es,
895 3545 984 3606 bonas
1006 3547 1078 3619 quod
1099 3563 1151 3620 per
1172 3549 1216 3604 est
1235 3544 1338 3615 ficere,

438 3641 574 3700 Inscitum
594 3642 692 3702 offerre
713 3642 844 3701 inidriam
864 3642 917 3701 tibi
932 3658 976 3699 me
997 3642 1157 3714 immerenti,
1178 3640 1303 3713 iniqnom
1320 3639 1371 3696 est.

288 3739 323 3792 15
437 3733 449 3800 ii
462 3735 513 3793 Est
533 3735 637 3810 magna
657 3740 766 3796 ecastor
785 3736 880 3810 gratia
900 3737 934 3794 de
955 3735 1027 3795 istic
1048 3753 1077 3794 re
1097 3752 1180 3808 quarn
1201 3734 1255 3792 tibi
1276 3731 1413 3791 hiboam:

439 3830 511 3887 Nam
532 3830 581 3903 qni
600 3834 665 3904 post
679 3830 782 3889 factam
796 3830 928 3888 iniririam
940 3847 970 3888 sc
982 3829 1127 3904 cxpdrgei,
1143 3846 1240 3905 param
1255 3826 1293 3887 mi
1308 3826 1408 3902 prosit.

362 3922 417 3982 Sed
437 3923 505 3997 qnid
525 3924 599 3983 istuc
619 3923 705 3990 ostili
723 3924 817 3983 Mcdm
845 3927 972 3998 receptas
999 3923 1089 3983 tilium
1115 3923 1150 3981 ad
1171 3927 1198 3982 te
1220 3921 1410 3997 Pamphilum.

1227 4017 1309 4074 h...

362 4108 456 4177 lisine
477 4111 581 4173 dicam:
601 4128 714 4173 uxorem
734 4113 809 4173 hanc
829 4112 907 4188 prins
927 4129 1011 4186 qnam
1031 4111 1126 4184 duxit,
1146 4017 1270 4170 vinstArnm
1290 4123 1412 4168 amorem

1196 4203 1309 4278 pirtnli.

1516 813 1518 948 i
