3074 4886
603 285 803 382 ..ne-

177 491 180 496 ’
224 489 395 556 Hermanni
418 494 523 555 autem
546 489 762 556 emendatione
785 494 912 571 recepta
927 488 1055 556 ordines
1069 507 1216 555 romaum
1231 486 1265 554 in

139 593 225 660 nulla
247 591 445 658 dubitatione
465 597 645 657 versantur:
670 591 837 658 trochaicis
861 592 1024 658 ordinibus
1042 591 1199 660 trochaica
1213 609 1267 673 pe·

139 697 244 778 ricopa
259 695 381 760 adiecta
396 698 454 772 est,
472 711 552 774 quae
567 712 621 758 sex
637 693 810 760 trochaicos
826 694 1021 776 septenarios
1038 693 1265 777 complectitur.

225 799 261 863 In
291 798 430 862 ciusdem
456 794 582 862 fabulae
603 793 658 860 IV.
682 797 701 860 3
732 814 846 862 scaena
874 815 956 862 unus
988 797 1165 864 trochaicus
1187 796 1265 861 ordo

139 920 210 967 cum
232 899 375 981 pluribus
398 899 709 965 trochaico-iambicis
732 899 893 965 ordinibus
916 901 1100 967 coniunctus
1116 904 1174 966 est.
1207 896 1265 981 Py-

138 1005 221 1068 thias
249 1004 376 1082 ancilla,
407 1009 571 1085 postquam
600 1003 684 1068 domi
707 1003 872 1086 comperit,
902 1022 996 1086 quam
1019 1002 1123 1069 audax
1144 1000 1265 1066 facinus

138 1107 278 1172 Chaerea
300 1107 553 1172 adulescentulus
569 1107 784 1184 commisisset,
807 1105 993 1172 iratissimus
1008 1105 1152 1189 querelas
1167 1103 1265 1170 effun-

139 1210 199 1284 dit,
229 1226 307 1290 quas
335 1212 428 1290 pocta
457 1208 516 1275 hcc
546 1208 704 1274 trochaico
726 1209 836 1274 ordine
857 1207 992 1291 simplici
1015 1204 1263 1292 comprehendit:

342 1345 496 1411 2Troch.
520 1351 579 1411 oct.
609 1379 611 1384 ·

408 1453 423 1512 1
449 1449 559 1515 Troch.
584 1453 663 1530 sept.

470 1552 489 1614 2
513 1552 610 1617 lamb.
633 1555 693 1617 oct.
717 1569 744 1616 c.
767 1551 861 1617 lamb.
884 1555 969 1632 quat.

137 1691 293 1756 iambicus
322 1694 426 1754 sutem
457 1686 691 1770 quaternarius,
723 1687 777 1770 qui
805 1687 887 1754 inter
913 1689 1064 1756 iambicos
1087 1691 1263 1758 octonarios

137 1792 257 1858 medius
287 1790 491 1872 interpositus
514 1808 615 1871 neque
637 1790 777 1856 ordinem
801 1810 902 1873 neque
925 1791 1111 1858 sententiam
1134 1793 1262 1872 claudit,

135 1895 262 1960 iambici
284 1895 435 1961 octonarii
460 1892 560 1959 officio
583 1892 672 1974 fungi
694 1895 853 1975 putandus
876 1901 934 1960 est.

223 1997 300 2062 Tum
319 1995 473 2062 Phaedria
496 1994 690 2068 adulescens,
713 1998 767 2078 qui
790 1997 829 2060 ad
853 1996 884 2060 id
908 2005 1031 2079 tempus
1054 1997 1190 2080 querelis
1205 1998 1262 2078 Py-

136 2098 221 2164 thiae
238 2097 316 2163 clam
333 2099 495 2176 intererat,
511 2113 696 2177 progressus
712 2097 854 2162 ancillam
870 2095 1054 2179 alloquitur:
1071 2098 1159 2163 cuius
1174 2098 1263 2164 aditu

135 2202 254 2267 utalia
275 2200 406 2266 actionis
429 2218 502 2281 pars
525 2199 737 2280 distinguitur,
765 2200 810 2263 ita
832 2199 885 2264 alii
908 2201 1033 2265 ordines
1055 2219 1076 2266 a
1097 2209 1192 2282 poeta
1218 2204 1263 2268 in·

136 2302 240 2368 stituti
275 2311 358 2368 sunt.
403 2302 449 2368 Ac
482 2301 615 2382 primum
646 2301 777 2384 quidem
807 2301 837 2365 hi
869 2320 978 2368 versus
1006 2300 1182 2384 legentibus
1213 2324 1264 2372 oc·

135 2413 280 2474 currunt:

212 2542 317 2602 Nescio
339 2542 405 2616 qnid
426 2539 551 2617 proidctc
573 2542 690 2600 absente
711 2540 794 2600 nobis
814 2541 989 2601 tnrbatdmst
1009 2542 1091 2602 domi.

291 2636 394 2697 Adibo.
416 2634 483 2709 quid
494 2634 588 2693 istuc?
603 2633 671 2707 quid
683 2634 824 2694 festinas?
836 2634 887 2694 aut
896 2650 978 2708 qnam
990 2635 1111 2710 qnaeris,
1123 2629 1261 2714 Pp‘thias?

285 2731 297 2798 ΙΙ
315 2732 403 2791 libam
426 2728 574 2803 Phatdria,
595 2744 647 2802 ego
661 2744 743 2802 quom
758 2727 910 2802 quadram?
930 2729 959 2787 in
974 2729 1051 2802 hinc,
1063 2747 1117 2803 qno
1133 2731 1261 2806 dignns’s

915 2837 978 2882 cnm
998 2823 1080 2883 donis
1100 2824 1158 2883 tuis

137 2929 173 2982 m
304 2877 308 2886 ’
417 2916 980 2996 mfflmfflmmm

134 3085 182 3150 De
204 3086 345 3152 versibus
368 3087 387 3150 9
410 3089 442 3150 et
466 3084 506 3147 10
528 3081 702 3150 scribendis
717 3078 880 3147 Parisinus
902 3084 934 3145 et
948 3077 1119 3144 Bembinus
1142 3077 1262 3144 dissen-

134 3191 226 3255 tiunt.
262 3187 425 3253 Parisinus
446 3187 503 3252 hos
526 3203 636 3251 versus
656 3181 758 3250 tradit
780 3182 903 3249 omissis
922 3179 1043 3246 levibus
1057 3178 1178 3247 librarii
1194 3200 1259 3246 mu·

133 3291 318 3358 tutionihus:

320 3410 408 3468 Ehem
429 3406 578 3480 Phaedria,
598 3422 652 3480 ego
673 3419 754 3478 quem
776 3399 927 3475 quadram?
946 3400 977 3459 in
996 3400 1074 3475 hino,

215 3503 277 3574 Quo
298 3503 423 3577 dignus's
444 3520 506 3563 cum
528 3501 610 3561 donis
630 3498 688 3558 iuis
708 3500 765 3556 tam
786 3493 932 3570 lepidistl
949 3492 1021 3565 Quid
1042 3495 1117 3556 istuc
1136 3494 1182 3555 est
1201 3497 1261 3558 rei?

132 3629 302 3697 Bembinus
325 3630 396 3697 hos:

209 3761 298 3820 llhcm
314 3758 461 3831 Phaedria,
483 3773 536 3831 ego
553 3771 634 3830 quem
656 3755 808 3829 quaeram?
828 3751 857 3811 in
878 3751 955 3826 hinc,
976 3768 1030 3825 quo
1051 3751 1177 3827 dignus's
1198 3771 1261 3816 cum

377 3851 446 3912 Tuis
466 3854 523 3912 tam
544 3847 691 3925 lepidisill
709 3846 781 3918 Quid
802 3846 877 3906 istuc
896 3848 941 3905 ost
961 3845 1021 3906 rai?
1167 3848 1261 3920 [donis

131 3980 243 4064 Itaque
270 3981 301 4046 in
334 3979 475 4044 Parisino
503 3975 724 4060 quaternarius
755 3981 787 4039 et
815 3974 995 4040 octonarius
1025 3974 1194 4054 iambicus,
1228 3977 1260 4040 in

132 4085 294 4162 Bembino,
318 4083 344 4147 si
368 4081 432 4145 tois
455 4101 472 4147 e
495 4080 638 4148 versiculi
660 4076 750 4145 initio
773 4078 804 4142 in
820 4075 1033 4142 antecedentis
1049 4095 1159 4144 versus
1175 4077 1260 4144 exitu

131 4189 302 4270 reponitur,
326 4187 504 4252 octonarius
519 4193 552 4250 et
566 4181 788 4268 quaternarius
803 4182 955 4249 iambicus
971 4181 1149 4248 traduntur.
1181 4181 1260 4248 Uter
