3074 4886
746 337 945 433 .-.em

326 539 340 608 ll
353 541 408 600 Sed
426 541 475 600 nbi
483 537 682 615 'Antiphonem
702 541 859 616 reperiam?
880 543 929 601 ant
942 559 998 616 qna
1011 541 1146 615 quaerere
1167 541 1297 601 insistem
1314 540 1417 601 viem?

326 637 340 706 ll
351 637 391 696 Te
402 633 536 695 neminat.
548 634 560 701 ΙΙ
572 633 674 694 Nescit
685 635 758 708 qnod
771 652 902 708 magnum
913 637 966 696 hoe
975 635 1074 695 ndntio
1085 635 1200 711 expeote
1215 636 1327 696 malum.
1340 634 1352 702 ΙΙ
1364 636 1415 694 Ah

326 731 453 789 Sanusne
474 727 547 794 estll
559 729 675 786 Domum
697 728 737 786 ire
757 745 887 803 pergam,
912 729 952 788 ibi
973 729 1120 804 plurimum
1142 732 1194 788 est.
1207 729 1219 796 ll
1238 731 1416 789 Revocemus

325 822 482 882 Hominem.
495 821 507 888 ΙΙ
524 821 574 881 Sta
595 820 669 879 ilico.
681 819 694 887 ΙΙ
710 821 791 879 Hem.

286 933 323 998 In
346 931 488 999 Parisino
516 941 548 999 et
570 935 775 999 Ambrosieno
802 935 920 1014 primns
948 939 980 998 et
1009 934 1122 999 tertius
1152 951 1262 997 versus
1284 932 1416 998 iambici

288 1035 441 1100 octonarii
463 1043 546 1112 sunt,
570 1035 724 1100 secundus
747 1034 967 1115 pessumdatus
990 1040 1052 1098 cst:

328 1150 341 1220 ll
362 1152 416 1211 Sed
437 1153 485 1212 ubi
500 1151 700 1228 ‘Antiphonem
720 1152 875 1228 reperiam?
896 1155 945 1211 aut
958 1170 1013 1225 qua
1027 1151 1158 1225 quaerere
1172 1153 1304 1213 insistem
1314 1153 1413 1212 viam?

328 1243 342 1312 ΙΙ
362 1246 403 1306 Te
424 1245 558 1306 nominat.
571 1245 583 1312 ll
601 1247 704 1306 Nescio
721 1246 796 1320 quod
810 1262 941 1320 magnum
954 1246 1006 1304 hoc
1020 1244 1119 1304 nuntio
1133 1248 1249 1319 expecto
1263 1246 1374 1305 malum.
1398 1244 1413 1313 ΙΙ

1085 1339 1130 1399 Ab
1151 1357 1237 1398 sanus
1257 1342 1306 1399 es?

337 1440 349 1508 ss
361 1436 478 1494 Domum
501 1435 541 1494 lre
561 1451 686 1510 pergam,
707 1433 748 1494 ibi
768 1433 917 1507 plririmum
938 1433 989 1491 est.
1002 1431 1014 1499 ll
1031 1431 1201 1492 Revocemus
1226 1433 1373 1494 hominem.
1389 1433 1403 1500 ll

1035 1527 1085 1586 Sta
1105 1527 1179 1587 ilico.
1196 1526 1208 1594 ll
1227 1528 1307 1589 Hem.

289 1639 392 1725 litque
421 1643 581 1708 Bentleius
613 1641 740 1706 tertium
774 1646 807 1705 et
838 1645 985 1718 quartum
1018 1657 1142 1704 versum
1172 1640 1314 1705 Bembini
1347 1660 1413 1706 uno

288 1743 464 1822 complexus
486 1747 716 1824 pentametrum
733 1740 922 1806 trochaicum
939 1739 1001 1820 legi
1019 1741 1123 1818 voluit,
1147 1741 1197 1805 cui
1213 1741 1415 1808 Hermannus

287 1846 318 1909 in
346 1843 384 1909 cl.
414 1846 513 1909 doctr.
536 1863 576 1908 m.
600 1863 629 1924 p.
647 1841 687 1907 93
710 1842 896 1908 adversatus
918 1847 975 1906 est.
1014 1842 1160 1920 Bothins‚
1188 1861 1279 1924 quem
1303 1843 1414 1909 Fleck-

288 1947 411 2013 eisenns
435 1955 560 2012 secutus
584 1951 641 2019 est,
664 1963 773 2026 parum
796 1944 1001 2025 probabiliter
1018 1943 1102 2009 omni
1116 1943 1268 2010 librorum
1284 1946 1414 2012 distinc-

288 2048 373 2114 tione
395 2048 617 2130 neglecturos
640 2064 748 2110 versus
771 2043 925 2110 distinxit:

337 2165 349 2232 ΙΙ
362 2167 416 2224 Sed
437 2166 486 2226 ubi
505 2163 706 2240 'Antiphonem
733 2205 1203 2225 .................
1223 2166 1317 2226 viem?

337 2258 349 2327 ll
361 2260 400 2317 Te
421 2259 554 2319 neminat.
566 2259 578 2324 l
594 2259 696 2317 Nescio
716 2258 790 2331 quod
815 2275 948 2331 magnum
968 2258 1022 2316 hoc
1042 2257 1139 2317 ndntio
1159 2260 1275 2334 expecte
1297 2261 1410 2321 malum.

336 2352 406 2420 llAh
427 2353 517 2413 senon
539 2357 588 2412 es?
600 2354 612 2419 ΙΙ
630 2355 746 2412 Domum
767 2353 808 2411 ire
829 2369 951 2427 pergam,
972 2351 1013 2411 ibi
1033 2351 1218 2425 plririmnmst.

337 2444 349 2513 ΙΙ
360 2446 532 2505 Revocemus
556 2446 710 2505 homiuem:
737 2445 786 2502 Sta
805 2446 879 2505 llice.
891 2444 903 2510 l
922 2445 1007 2517 Hem,
1027 2445 1097 2504 satis
1116 2462 1167 2520 pro
1187 2445 1313 2520 imperio,
1334 2447 1411 2520 qnis-

337 2539 348 2606 ll
361 2541 440 2600 Geta.
453 2539 465 2606 ll
481 2537 586 2613 'ipsust
606 2556 688 2614 quem
708 2541 783 2601 volui
803 2541 923 2612 ebriam.
1267 2540 1341 2614 [quis
1361 2543 1412 2598 es?

289 2649 554 2733 Umplenbachius
584 2650 719 2733 denique
740 2652 882 2718 Bembini
911 2653 1066 2733 scriptura
1095 2656 1246 2734 quantum
1267 2650 1335 2716 fieri
1357 2667 1411 2730 po

289 2753 350 2817 tuit
371 2758 496 2819 servata
517 2754 611 2819 verba
634 2753 666 2818 iu
688 2754 744 2818 hos
768 2771 876 2820 versus
899 2754 1090 2834 dispertivit:

337 2889 349 2956 ΙΙ
361 2890 416 2949 Sed
436 2889 485 2949 ubi
504 2887 704 2964 ‘Antiphonem
730 2931 1168 2950 ................
1190 2892 1284 2951 viam?

337 2983 349 3050 ΙΙ
361 2984 401 3042 Te
420 2983 546 3042 neminet
582 3024 1165 3043 .....................
1196 2985 1208 3053 ΙΙ
1225 2986 1272 3045 Ah

337 3077 432 3138 senon
444 3081 493 3137 es?
504 3076 516 3144 ΙΙ
529 3079 646 3137 Domum
661 3079 701 3137 ire
712 3096 836 3154 pergam,
851 3080 891 3138 ibi
903 3080 1087 3155 pldrimumst.
1100 3079 1112 3147 ΙΙ
1130 3081 1303 3139 Revocemus
1317 3077 1408 3137 homi-

336 3172 386 3232 Ste
405 3171 479 3231 ilico.
491 3170 503 3238 ll
519 3172 600 3231 Hem.
636 3172 784 3243 (Similiter
804 3173 900 3233 Herm.
921 3175 959 3232 in.
971 3173 1006 3231 el.
1018 3175 1091 3232 d.m.
1113 3190 1160 3247 pg.
1176 3177 1234 3246 93).
1323 3173 1409 3244 [nem.

290 3299 352 3365 Sed
383 3297 494 3364 horum
525 3316 649 3381 quoquc
677 3318 823 3366 versuum
854 3307 986 3383 quartus
1012 3301 1235 3383 improbandus
1267 3307 1328 3368 est:
1362 3302 1410 3366 bis

289 3403 370 3468 euim
386 3403 551 3467 Terentina
574 3402 729 3485 dipodiam
754 3405 942 3470 trochaicam
963 3404 1175 3469 catalecticum
1189 3405 1221 3467 in
1237 3403 1326 3468 initio
1341 3421 1411 3468 can·

288 3504 342 3570 tici
358 3503 483 3568 videtur
497 3503 698 3586 usurpavisse
715 3505 796 3569 Eun.
813 3504 853 3569 ll.
870 3505 899 3568 3.
918 3508 945 3582 1,
969 3503 1092 3570 Phorm.
1110 3502 1167 3567 ΠΙ.
1185 3505 1214 3566 2.
1233 3504 1260 3582 1,
1278 3512 1313 3569 ut
1328 3509 1410 3570 octo·

289 3606 396 3671 narius
423 3605 574 3672 iambicus
602 3607 826 3688 subsequatur:
855 3625 1023 3689 numquam
1051 3611 1210 3685 tamquam
1239 3603 1411 3672 clausulam

289 3707 545 3774 antecedentibus
575 3707 739 3775 trochaicis
769 3711 936 3774 octonariis
964 3709 1133 3774 subiunxit.
1179 3709 1331 3789 Equidem
1354 3708 1411 3772 hos

288 3827 398 3876 versus
413 3811 504 3875 aliter
515 3813 725 3876 restituendos
738 3829 807 3876 esse
818 3829 938 3876 censeo.
961 3810 1080 3891 Sequor
1088 3830 1157 3876 cum
1165 3811 1411 3891 Umpfenbachio

288 3912 402 3978 librum
419 3913 614 3994 Bembinum
637 3919 672 3978 ut
693 3912 812 3994 primus
833 3919 865 3978 et
887 3914 1043 3979 secundus
1065 3930 1174 3979 versus
1189 3912 1315 3980 iambici
1330 3919 1412 3979 octo·

289 4015 370 4080 narii
391 4015 464 4080 sint.
510 4015 576 4079 Iam
599 4021 719 4079 restant
742 4015 849 4080 verbe:

337 4133 431 4194 Sanun
453 4151 491 4194 es.
504 4135 515 4201 ΙΙ
533 4136 650 4195 Domum
676 4135 716 4193 ire
736 4151 859 4208 pergam,
880 4134 921 4193 ibi
941 4135 1129 4208 plurimnmst.
1141 4135 1153 4202 ll
1169 4137 1341 4196 Revocemus
1360 4136 1409 4196 ho-

900 4226 1010 4287 minem.
1042 4230 1091 4289 Sta
1111 4229 1184 4289 ilico.
1197 4229 1209 4296 ll
1226 4229 1307 4289 Hem.
