3074 4886
743 340 923 436 ,ru-

259 540 362 621 Atque
383 539 429 604 ita
450 539 512 605 iam
535 536 722 605 Gonradtius
745 539 920 605 rectissime
942 539 999 605 hos
1015 557 1124 605 versus
1147 538 1298 620 distinxit,
1321 541 1381 605 nisi

258 641 342 724 quod
364 640 614 724 improbabiliter
635 642 716 705 r'rtos
738 643 770 706 in
794 654 865 705 roas
888 641 1030 706 mutavit.
1061 640 1161 707 Immo
1183 640 1379 706 retinendum

257 760 326 809 csse
342 751 417 824 puto
438 744 528 822 orae,
552 744 618 809 sive
633 746 827 809 decurtatam
850 746 943 811 buius
959 741 1150 824 pronominis
1166 742 1296 808 formam
1311 754 1380 806 star

258 845 329 909 huic
340 847 445 910 vemui
460 845 662 911 attribuimus
685 845 737 927 (cl.
751 846 876 913 Lachm.
892 847 985 912 Luor.
999 846 1054 911 ΠΙ.
1068 846 1154 928 954),
1178 845 1244 910 sive
1266 850 1381 911 utram-

258 964 319 1027 que
349 949 415 1013 eius
444 947 594 1029 syllabam
623 947 655 1011 in
683 950 782 1028 primo
811 949 891 1029 pede
918 949 1041 1015 iambici
1065 964 1175 1012 versus
1204 954 1380 1029 correptam

258 1066 327 1113 esse
348 1054 495 1130 putamus
519 1049 571 1130 (ol.
596 1050 688 1113 ammo
711 1051 835 1115 Phorm.
848 1049 884 1114 V.
903 1051 931 1115 8.
948 1051 1000 1134 43,
1025 1052 1100 1116 Hec.
1113 1048 1168 1115 llI.
1184 1050 1214 1112 4.
1231 1050 1282 1130 23,
1303 1049 1377 1116 Hec.

257 1149 364 1214 lul.
390 1149 475 1232 104).
1226 1206 1228 1210 .

342 1251 431 1330 Quod
447 1252 533 1330 silit,
554 1253 614 1318 hoo
637 1255 790 1319 canticum
814 1254 921 1320 eodem
945 1255 1077 1322 iambico
1092 1253 1301 1338 quaternario,
1317 1269 1379 1332 quo

256 1349 417 1417 Phorml.
435 1351 465 1431 3,
488 1353 591 1420 claudi
614 1354 754 1418 videmus
777 1355 829 1436 (cf.
852 1375 903 1437 pg.
923 1356 986 1437 16).

341 1453 465 1517 Phorm.
483 1452 508 1518 1.
529 1461 549 1517 4
573 1473 681 1520 versus
707 1457 809 1520 1-18
843 1455 1000 1538 imprimis
1033 1457 1119 1539 digni
1148 1455 1306 1531 videntur,
1339 1455 1379 1520 de

258 1554 373 1637 quibus
405 1555 510 1636 paullo
543 1556 672 1622 uberius
700 1559 796 1624 verba
829 1557 989 1624 iaciamus.
1035 1559 1168 1625 Orditur
1202 1557 1378 1624 trochaicus

257 1656 451 1722 octonarius:

295 1783 556 1858 maturescere,
577 1786 633 1845 nisi
653 1787 708 1847 iam
729 1788 842 1862 aliquod
863 1789 917 1850 libi
939 1789 1085 1850 consilium
1108 1788 1198 1849 calere
1219 1787 1338 1862 reperis:

257 1900 437 1969 Priscianus
463 1903 547 1970 hunc
568 1925 692 1971 versum
719 1909 767 1974 bis
795 1911 915 1989 attolit,
938 1911 958 1974 l.
972 1909 1008 1974 V.
1032 1930 1082 1993 pg.
1101 1910 1160 1976 152
1173 1910 1212 1988 K,
1235 1908 1290 1974 ubi
1313 1907 1378 1970 iam

258 2012 291 2070 et
305 2005 362 2069 tibi
383 2007 498 2071 omissa
513 2012 595 2083 sunt,
612 2014 644 2074 et
658 2010 678 2072 l.
692 2009 760 2075 VII.
777 2029 828 2093 pg.
844 2012 905 2077 335
915 2013 954 2092 K,
976 2012 1030 2078 ubi
1054 2011 1111 2075 ridi
1133 2016 1255 2076 tantum
1279 2008 1377 2075 deest

258 2109 396 2189 Apparet
412 2106 606 2174 Priscianum
629 2112 722 2176 etiam
745 2114 827 2178 hunc
842 2132 966 2179 versum
989 2133 1006 2179 e
1028 2113 1178 2179 memoria
1201 2111 1376 2193 scripsisse:

257 2215 360 2273 mmen
376 2209 535 2275 Bentleius
558 2231 628 2277 eum
652 2220 779 2278 secutus
803 2215 863 2278 ridi
884 2215 1066 2296 pronomine
1088 2214 1186 2281 eiecto
1209 2219 1241 2279 et
1255 2233 1376 2296 reperc-

257 2310 303 2372 ris
332 2309 431 2377 forma
461 2333 497 2379 ex
519 2314 607 2380 libris
629 2316 838 2382 deterioribus
861 2323 893 2383 et
915 2337 952 2383 ex
974 2317 1134 2384 Prisciano
1163 2320 1289 2397 recepta
1315 2321 1378 2379 tro-

258 2411 398 2477 chaicum
431 2415 640 2512 septenarium
674 2415 780 2482 edidit.
825 2417 1042 2482 Lachmannus
1077 2419 1182 2500 (Lucr.
1201 2419 1255 2484 lll.
1282 2414 1377 2498 1050)

256 2510 400 2579 Bentleio
428 2507 576 2591 accessit,
607 2516 669 2582 nisi
699 2520 781 2600 quod
813 2539 870 2601 pro
898 2520 1054 2604 repereris
1084 2519 1223 2605 reperies
1246 2518 1379 2583 scriben-

258 2614 332 2682 dum
362 2636 432 2683 esse
457 2619 541 2684 dicit.
585 2619 803 2686 Fleckeisenus
833 2641 1020 2704 quamquam
1043 2640 1214 2703 pronomen
1238 2619 1298 2682 tibi
1320 2619 1377 2684 Te·

256 2720 357 2785 rectio
380 2721 529 2796 reddidit,
559 2727 679 2801 tamen,
710 2731 745 2786 ut
772 2722 962 2788 trochaicum
992 2722 1203 2808 septenarium
1232 2720 1376 2799 efficeret,

256 2822 393 2906 reperior
422 2841 441 2887 a
468 2822 666 2889 Lachmanno
700 2825 819 2906 recepit
852 2832 883 2890 et
911 2827 978 2888 cici
1001 2825 1032 2890 in
1063 2827 1096 2888 ci
1127 2824 1268 2889 mutavit.
1314 2822 1378 2886 Gur

257 2940 364 2988 omnes
397 2924 443 2989 illi
475 2925 644 2992 doctissimi
667 2927 727 2991 viri
755 2947 774 2991 a
804 2928 943 2992 Bembini
978 2927 1134 3014 scriptura
1166 2926 1376 3004 discesserint,

255 3026 372 3090 nullam
394 3026 487 3092 aliam
510 3047 635 3093 cansam
665 3028 808 3110 dispicio,
840 3049 932 3111 quam
960 3030 1042 3111 quod
1066 3049 1161 3095 unum
1184 3028 1377 3096 trochaicum

257 3129 449 3194 octonarium
472 3128 504 3193 in
529 3129 620 3195 huius
643 3131 756 3197 cantici
779 3131 868 3197 initio
890 3133 966 3197 ferri
982 3151 1042 3197 non
1066 3150 1157 3214 posse
1179 3129 1376 3212 putaverint:

256 3248 327 3294 nam
352 3229 411 3293 riba·
433 3239 509 3312 apte
531 3233 571 3295 ad
593 3233 688 3296 verba
709 3231 817 3294 callus
838 3255 868 3294 cs
891 3239 923 3297 et
946 3244 1035 3297 londo
1058 3243 1086 3297 te
1102 3231 1271 3319 obpendeal
1289 3230 1378 3294 mola

255 3333 385 3411 accedit,
409 3338 441 3398 et
462 3351 610 3414 praesens
633 3339 755 3413 tempus
777 3334 899 3416 reperis
922 3334 952 3397 in
969 3335 1027 3399 hac
1049 3333 1206 3399 sententia
1228 3331 1378 3399 condicio-

256 3434 318 3498 nali
340 3454 401 3500 non
425 3437 526 3500 minus
549 3435 624 3500 ferri
646 3443 703 3500 ant
724 3437 869 3518 explicari
891 3442 1009 3518 potest,
1033 3453 1125 3516 quam
1150 3435 1290 3500 futurum
1312 3433 1378 3498 sivc

255 3538 389 3619 primum
425 3538 490 3602 sive
519 3539 661 3603 alterum.
697 3539 800 3616 Quare
831 3557 899 3602 cum
928 3536 1172 3620 Umpfenbachio
1201 3543 1234 3601 et
1257 3536 1379 3600 Daiatz·

255 3639 336 3704 lrone
357 3639 498 3704 Bembini
521 3640 707 3720 scripturam
730 3639 924 3705 retinuimus.
971 3639 1090 3704 Deinde
1113 3638 1255 3721 sequitur
1277 3644 1378 3718 septe-

255 3742 362 3807 narius
385 3740 577 3808 trochaicus:

375 3876 428 3935 'lta
448 3894 522 3936 nunc
541 3877 711 3953 imparatum
732 3878 825 3938 subito
846 3877 927 3936 tanta
946 3880 974 3936 tc
995 3875 1149 3950 inpendent
1168 3875 1250 3935 mala.

340 4002 464 4071 Tertius
486 4009 591 4070 autem
614 4010 647 4070 et
668 4010 799 4087 quadus
823 4009 855 4070 et
876 4003 1004 4084 quintus
1027 4020 1136 4067 versus
1164 4003 1204 4068 ab
1234 4001 1379 4068 omnibus

256 4106 428 4176 editoribus
455 4107 580 4175 iambici
609 4107 781 4174 hahentur:
810 4108 864 4172 sed
887 4106 956 4172 sinc
983 4104 1048 4172 ulla
1071 4103 1255 4172 difficultate
1284 4104 1378 4170 iidem

254 4228 362 4275 versus
385 4211 477 4276 ctiam
501 4210 665 4278 trochaicis
687 4209 824 4276 numeris
846 4207 963 4275 includi
985 4213 1131 4290 possunt:
