3074 4886
479 561 520 620 Tu
547 575 604 620 rom
628 557 792 634 impeditam
817 558 846 616 et
872 555 1010 630 parditam
1036 556 1187 616 restituas?
1217 555 1293 626 horn,
1320 570 1378 626 ono

1100 649 1190 708 fretus
1210 648 1273 722 sim,

477 745 531 816 Qui
545 762 589 806 me
602 742 686 805 hodie
701 760 736 805 or
752 742 984 818 tranquilisanma
1000 758 1030 801 re
1048 740 1193 802 coniecisti
1206 741 1236 800 in
1250 741 1374 817 nuptias.

250 893 404 963 Similiter
425 890 592 959 Terentius
621 891 654 956 in
682 887 828 956 Eunuchi
848 888 889 953 ΙΙ.
912 887 932 952 3
962 905 1075 953 scaena
1108 887 1207 953 troch
1235 886 1374 953 ordinem

250 996 381 1065 variatis
403 995 546 1062 versibus
576 992 751 1071 subiunxit,
783 1009 844 1074 quo
871 989 913 1056 ad
942 990 1140 1057 continuatos
1170 989 1264 1054 iamb.
1292 995 1374 1056 octo-

252 1099 356 1167 narios
380 1096 544 1164 transiret:

330 1252 385 1315 de
407 1268 503 1313 ooonm
523 1247 734 1311 Parmenonem.
760 1247 846 1306 salve.
858 1246 871 1314 ΙΙ
889 1246 961 1316 Quid
981 1248 1013 1306 tn
1035 1262 1065 1306 es
1085 1245 1196 1306 tristis?
1223 1244 1324 1318 quidue
1343 1261 1372 1304 es

1231 1355 1239 1395 ι

300 1439 305 1450 ”
405 1438 497 1500 'Unde
518 1435 586 1506 istil
603 1437 721 1512 Egone?
748 1435 841 1496 nascio
862 1435 971 1509 hercle,
996 1434 1087 1510 ndqne
1107 1341 1274 1495 nugatam?
1288 1449 1373 1509 noque

1047 1528 1275 1603 quorsumnam:

255 1636 291 1692 15
570 1625 615 1685 Ita
634 1623 761 1698 prorsum
781 1622 886 1684 oblitus
906 1623 966 1683 stim
988 1623 1051 1684 moi.

340 1774 490 1842 Videmus
512 1772 609 1854 igitur
623 1771 802 1837 Terentium
817 1771 849 1836 in
865 1771 999 1836 transitu
1014 1770 1177 1836 formando
1192 1788 1304 1852 parum
1317 1769 1375 1836 sibi

254 1877 445 1949 constitisse:
467 1892 540 1941 nam
563 1880 595 1941 et
615 1873 646 1938 in
663 1873 851 1940 continuatis
874 1878 906 1938 et
921 1874 951 1937 in
968 1873 1097 1938 variatis
1111 1873 1255 1939 versibus
1277 1881 1375 1938 trans-

130 2047 132 2054 .
254 1984 332 2050 itum
362 1979 454 2046 modo
489 1977 558 2043 aliis
586 1977 679 2043 modo
707 1974 818 2040 iisdem
849 1975 988 2041 numeris
1017 1979 1112 2058 atque
1140 1977 1376 2042 circumstantes

254 2101 363 2153 versus
392 2079 544 2150 coercuit:
569 2077 654 2145 uelut
683 2079 713 2144 in
743 2077 912 2143 Andr.L4
940 2096 1054 2143 scaena
1082 2076 1248 2142 trochaicis
1277 2085 1377 2158 septe

254 2185 351 2253 uariis
374 2186 436 2250 duo
457 2181 607 2248 iambicos
631 2181 807 2246 octonarios
829 2180 965 2260 addidit,
995 2181 1108 2261 quibus
1131 2181 1170 2245 ad
1194 2199 1304 2246 versus
1326 2199 1377 2245 va·

254 2289 351 2355 riatos
373 2286 532 2364 transiret,
555 2302 625 2349 cum
641 2283 673 2348 in
690 2285 769 2348 Eun.
784 2280 852 2347 Ἡ
876 2301 990 2348 scaena
1012 2282 1178 2349 trochaicis
1194 2282 1378 2364 septenariis

256 2390 380 2458 eosdem
406 2385 579 2453 trochaicos
602 2385 796 2468 septenarios
819 2385 1032 2468 subiungeret,
1055 2385 1169 2468 quibus
1191 2386 1231 2450 ad
1244 2386 1380 2452 variatos

256 2509 365 2559 versus
387 2489 547 2571 sequentis
570 2505 701 2554 scaenae
723 2487 1005 2570 transgrederetur.
1039 2488 1143 2570 Atque
1164 2489 1195 2553 in
1219 2489 1293 2553 Hec.
1307 2489 1342 2552 V.
1360 2489 1380 2552 4

256 2609 369 2660 scaena
402 2597 473 2672 post
505 2590 678 2657 trochaicos
710 2590 837 2656 ordines
870 2593 1010 2656 senarios
1039 2592 1071 2657 in
1101 2592 1238 2657 transitu
1266 2591 1380 2673 posuit,

256 2695 371 2780 quibus
394 2691 436 2760 ad
458 2693 655 2760 continuatos
683 2694 833 2760 iambicos
863 2696 1039 2760 octonarios
1061 2693 1225 2771 transiret,
1256 2713 1326 2761 cum
1347 2695 1380 2759 in

257 2795 332 2865 Hac.
346 2794 402 2864 111.
422 2800 437 2860 1
455 2814 569 2862 scaena
583 2795 761 2875 transitum,
785 2814 847 2877 quo
862 2816 881 2862 a
897 2795 1063 2862 trochaicis
1078 2796 1239 2862 ordinibus
1255 2798 1294 2861 ad
1310 2816 1383 2863 con·

257 2899 395 2968 tinuatos
432 2897 581 2966 iambicos
615 2900 790 2966 octonarios
827 2901 1085 2982 progrederetur,
1125 2901 1383 2966 antecedentibus

258 3001 370 3070 cantici
392 3001 536 3068 versibus
559 3000 734 3084 adaptaret

344 3103 450 3184 Quare
477 3109 562 3171 recte
591 3108 766 3170 statuemus
788 3105 967 3170 Terentium
998 3106 1028 3169 in
1058 3103 1195 3170 transitu
1223 3123 1284 3170 non
1312 3103 1383 3169 ideo

257 3205 392 3292 propriis
414 3207 552 3274 numeris
574 3223 665 3273 usum
688 3225 765 3284 esse,
789 3215 824 3274 ut
845 3208 993 3289 legentes·
1007 3208 1046 3273 ab
1069 3206 1139 3273 aliis
1162 3206 1203 3272 ad
1225 3203 1303 3271 alios
1326 3225 1384 3270 nu·

260 3327 362 3376 meros
385 3309 577 3390 traduceret,
601 3309 657 3378 sed
680 3317 715 3376 ut
733 3311 772 3377 ad
795 3328 906 3376 novam
928 3316 961 3376 et
981 3311 1134 3393 insignem
1157 3308 1290 3376 actionis
1312 3326 1386 3389 par·

260 3417 323 3479 tem
351 3409 586 3494 transgrediens
615 3411 823 3494 spectantium
851 3413 972 3478 animos
994 3416 1133 3478 attentos
1154 3428 1193 3476 ac
1214 3428 1384 3495 suspensos

180 3517 183 3526 '
260 3517 392 3582 teneret.
