3074 4886
201 1208 331 1345 Quibus
359 1248 481 1332 legibus
508 1250 540 1313 in
563 1250 758 1314 Terentianis
789 1251 957 1315 comoediis
987 1254 1109 1318 numeri
1139 1255 1256 1320 mutati

132 1355 203 1434 sint,
227 1353 329 1419 adhuc
346 1351 435 1414 valde
458 1350 586 1414 dubium
604 1357 661 1415 est.
697 1351 827 1415 Veteres
850 1353 1047 1431 grammatici
1070 1354 1109 1418 de
1131 1355 1256 1420 numeri

131 1459 304 1521 mutatione
326 1470 425 1533 pauca
448 1458 479 1516 et
502 1470 539 1516 ea
561 1453 637 1516 satis
660 1453 779 1517 incerta
801 1455 1012 1519 tradiderunt:
1042 1457 1163 1523 Marius
1186 1457 1258 1524 Vic-

132 1557 255 1622 torinus
284 1559 316 1619 in
346 1562 405 1618 art.
433 1573 531 1634 gram.
560 1553 630 1618 libr.
653 1555 684 1618 11
721 1554 798 1619 haec
827 1556 923 1620 verba
952 1555 1028 1621 dicit
1062 1560 1125 1640 (pg.
1143 1560 1256 1642 7810:

135 1661 297 1744 »prolopos
321 1668 350 1718 et
366 1656 551 1739 primarum
574 1679 760 1718 scaenarum
783 1669 872 1720 actas
889 1657 1041 1721 trimetria
1061 1660 1258 1746 comprehen-

132 1758 254 1839 derant,
278 1757 391 1822 deinde
414 1758 612 1843 louyissa‘moa
634 1757 670 1820 ld
685 1771 729 1822 est
747 1769 943 1824 tetrametros
965 1759 1183 1842 subdiderant,
1201 1763 1261 1847 qai

132 1865 339 1953 appellantur
377 1863 538 1948 quadrati.
590 1877 702 1949 postea
734 1864 769 1926 in
806 1865 1002 1949 sequentibus
1040 1867 1256 1930 variaverunt.

131 1967 222 2033 modo
257 1968 339 2030 eadm
369 1967 539 2042 trimetros,
573 1965 664 2029 modo
693 1963 804 2028 addito
839 1964 1017 2048 quadrante
1046 1967 1096 2029 uel
1128 1970 1257 2030 semesae

129 2079 316 2154 posuerant,
346 2066 384 2131 id
411 2078 456 2130 est
485 2065 642 2151 semipede
672 2065 794 2129 adiecto
824 2067 874 2130 ccl
896 2069 1016 2153 intapro
1043 2068 1124 2154 pade
1151 2071 1256 2134 iambo

131 2173 182 2236 nel
203 2170 398 2258 sesquipede.
432 2170 506 2233 haec
524 2192 587 2255 per
608 2167 728 2232 medios
752 2179 840 2232 actas
855 2171 952 2233 varia
987 2193 1101 2234 rursus
1117 2173 1152 2235 ia
1167 2174 1257 2236 amala

124 2273 322 2359 fabularum
355 2271 547 2359 quadratos,
581 2275 690 2358 quales
724 2270 864 2336 dalmas
898 2273 933 2335 ia
965 2273 1104 2337 secunda
1133 2297 1255 2356 scaena,

131 2377 341 2440 locaverunt«
381 2374 505 2439 Primus
527 2375 610 2438 inter
632 2373 822 2439 recentiores
846 2375 985 2440 homines
1009 2377 1086 2440 artis
1109 2379 1257 2443 metricae

130 2479 248 2562 peritos
271 2477 432 2544 Bentleius
461 2476 547 2558 leges
570 2477 736 2562 quasdam,
767 2477 881 2558 quibus
905 2479 1036 2543 mutatio
1060 2481 1184 2544 numeri
1207 2499 1255 2546 re·

131 2590 268 2662 geretur,
292 2589 377 2646 reete
400 2582 566 2662 perspexit,
591 2599 691 2662 neque
706 2586 811 2645 tamen
827 2580 873 2644 eis
895 2580 1003 2660 copiis,
1027 2582 1143 2661 quibus
1166 2582 1213 2647 uti
1229 2585 1258 2649 ei

132 2685 254 2760 licebat,
278 2690 375 2748 totam
398 2685 611 2763 quaestionem
634 2683 796 2747 absolvere
826 2683 939 2764 potuit.
983 2682 1060 2749 Post
1082 2685 1258 2750 Benthlnm

133 2786 332 2850 Hermannns
359 2787 479 2850 numeri
509 2786 714 2850 mutationem
744 2786 775 2848 in
797 2785 962 2866 permultis
985 2788 1105 2851 scaenis
1129 2807 1166 2852 ex
1188 2806 1260 2852 con·

133 2888 307 2952 tinuatione
335 2885 485 2952 trochaici
515 2887 637 2951 numeri
666 2887 820 2968 explicare
849 2895 979 2952 conatus
1002 2895 1066 2952 est:
1096 2895 1151 2954 sed
1179 2891 1259 2955 hanc

134 2991 288 3053 rationem
318 2990 505 3068 posteriores
528 2989 799 3070 improbaverunt,
829 3000 995 3073 postquam
1018 2991 1171 3055 librorum
1193 2991 1257 3056 fon·

134 3091 218 3156 tibus
241 3090 408 3171 diligenter
429 3089 589 3156 exhaustis
604 3110 723 3170 versus,
747 3093 799 3173 qni
822 3113 860 3158 ex
883 3095 1116 3158 continuatione
1138 3095 1260 3159 numeri

133 3191 283 3257 trochaici
306 3191 439 3274 profecti
458 3199 541 3272 sunt,
564 3191 717 3258 librorum
739 3195 927 3258 auctoritate
949 3212 1060 3275 parum
1083 3191 1260 3277 confirmari

134 3300 357 3375 cognoverunt.
402 3293 519 3359 Nostra
542 3293 677 3375 denique
700 3302 804 3358 aetate
824 3295 885 3359 dno
901 3295 959 3357 viri
976 3293 1061 3358 docti
1076 3294 1114 3359 de
1130 3313 1259 3360 numero

134 3397 166 3460 in
200 3395 393 3461 Terentianis
426 3395 541 3459 fabulis
575 3400 694 3460 mutato
733 3397 965 3474 disseruerunt,
1001 3397 1036 3458 B.
1062 3398 1194 3461 Bornins
1229 3402 1261 3461 ct

135 3497 169 3562 Ο.
186 3495 384 3563 Conradtius.
423 3497 565 3579 Uterque
582 3501 628 3561 vir
650 3499 689 3563 de
712 3499 770 3563 hac
792 3499 976 3578 quaestione
998 3497 1115 3578 optime
1131 3499 1261 3562 meritus

136 3606 197 3666 est:
225 3598 359 3665 Bornins
388 3599 507 3681 primus
537 3607 654 3666 rectam
677 3600 759 3665 viam
786 3602 922 3683 aperuit,
951 3617 1021 3665 cum
1044 3617 1082 3662 ex
1104 3599 1261 3664 nonnullis

135 3705 255 3767 scaenis
288 3701 411 3767 numeri
444 3703 631 3767 mutationes
663 3703 828 3782 diligenter
860 3701 1018 3781 congessit
1051 3707 1083 3766 et
1115 3701 1199 3767 inter
1226 3721 1261 3766 se

136 3804 374 3886 comparavit1).
420 3802 610 3868 Conradtius
633 3823 707 3869 uero
729 3807 846 3885 primus
870 3803 1048 3883 discrimen,
1071 3805 1154 3886 quod
1178 3805 1262 3868 inter

137 3907 335 3972 continuatos
363 3914 394 3971 et
417 3907 553 3971 variatos
576 3924 686 3971 versus
714 3908 866 3991 interest,
890 3912 974 3972 recte
1005 3904 1189 3988 intellexit²)
1217 3912 1264 3970 at·

136 4027 198 4090 que
220 4009 250 4071 in
274 4008 462 4074 continuatis
478 4007 621 4076 versibus
644 4009 682 4074 de
698 4009 819 4074 numeri
834 4007 1006 4073 mutatione
1021 4025 1115 4089 saepe
1131 4027 1261 4073 numero

143 4126 342 4138 ’.η-,-

206 4179 229 4246 ¹)
247 4176 448 4246 Magdeburgar
465 4175 632 4244 schulprogr.
650 4193 676 4231 v.
690 4177 712 4246 j.
733 4179 807 4232 1868.

206 4261 229 4334 ²)
247 4263 299 4319 Die
317 4269 392 4320 metr.
411 4260 587 4328 composition
606 4261 655 4315 der
671 4278 737 4316 com.
755 4260 803 4315 des
820 4261 881 4314 Ter.
909 4259 981 4314 Berl.
1001 4261 1075 4315 1876.
