3074 4886
600 807 788 923 vill.
886 933 897 944 ,

218 1135 270 1201 Fr.
287 1137 326 1202 H.
342 1135 453 1205 Schlee
481 1143 574 1207 uatus
597 1160 666 1207 sum
690 1162 718 1208 1.
734 1143 764 1207 d.
784 1139 823 1206 Vl
846 1137 912 1206 (lul.
937 1139 1030 1204 Mart.
1054 1157 1082 1203 1.
1098 1138 1129 1202 ln.
1145 1154 1170 1200 s.
1188 1136 1258 1203 LIV

133 1237 164 1302 11
187 1238 255 1304 nico
279 1239 435 1306 Marchico
457 1241 759 1326 Neu-Hardenberg
781 1250 870 1326 patre
893 1240 1052 1307 liudovico
1075 1244 1176 1305 matre
1198 1239 1258 1305 Lu·

134 1339 253 1406 devicia
279 1360 296 1407 e
326 1348 418 1423 gente
442 1343 665 1425 ueniendum,
692 1364 772 1427 quos
801 1345 902 1410 adhuc
929 1342 1115 1422 superstites
1137 1357 1259 1406 summa

133 1461 196 1525 quo
223 1442 313 1506 decet
340 1444 458 1522 pietate
486 1447 564 1512 colo.
609 1448 686 1513 Fide
707 1448 850 1512 initiatus
872 1464 941 1510 sum
964 1442 1153 1524 evangeIIca.
1197 1440 1259 1506 Per

132 1543 249 1625 prImos
265 1546 418 1625 pueritiae
433 1564 530 1612 annos
546 1547 669 1630 privata
685 1549 783 1630 patris
799 1553 831 1614 et
847 1549 882 1611 Α.
899 1544 1030 1622 Griseri,
1054 1545 1110 1608 viri
1125 1542 1258 1608 maxime

133 1645 307 1726 reverendi,
330 1646 493 1731 disciplina
508 1650 674 1717 institutus
691 1671 718 1717 a.
735 1653 765 1716 h.
782 1671 805 1718 s.
823 1646 956 1716 LXVIII
970 1646 1002 1713 in
1020 1651 1164 1730 quartam
1181 1642 1259 1711 clas·

133 1764 199 1812 sem
221 1748 285 1812 ludi
309 1748 395 1814 civici
418 1749 714 1820 Fdrstenveldensis
737 1757 882 1834 receptus
905 1770 992 1827 sum,
1015 1749 1068 1816 ubi
1091 1767 1160 1815 eum
1183 1748 1259 1813 alio·

133 1869 216 1929 rum,
244 1857 309 1915 tum
333 1853 387 1917 Dr.
403 1853 539 1920 Schultii
561 1856 775 1934 institutione,
806 1853 1039 1928 benevolentia,
1068 1846 1257 1916 liberalitate

133 1971 209 2017 usus
232 1971 309 2032 sum,
332 1955 383 2018 cni
405 1956 626 2025 honestissimo
650 1960 716 2023 viro
738 1977 788 2023 me
811 1957 976 2022 maximam
992 1951 1126 2037 gratiam
1142 1950 1257 2016 habere

133 2071 319 2137 semperque
341 2057 521 2124 habiturum
539 2061 590 2142 pio
607 2061 710 2127 animo
724 2058 884 2142 profiteon
919 2059 955 2120 Α.
971 2056 1002 2120 h.
1018 2073 1042 2118 1.
1060 2053 1144 2118 LXX
1160 2053 1258 2118 alum·

133 2159 181 2222 nis
211 2159 364 2238 gymnasii
391 2159 470 2242 regii
493 2162 674 2228 Joaehimioi
697 2164 853 2243 ascriptus
876 2177 959 2239 sum,
987 2159 1019 2222 in
1042 2175 1104 2240 qno
1127 2175 1182 2238 per
1204 2173 1257 2219 no·

133 2259 198 2324 vies
228 2279 282 2324 sex
310 2279 432 2327 menses
463 2262 627 2347 disciplina
654 2266 796 2332 eruditus
824 2281 893 2328 snm
916 2259 1256 2344 praestantissimorum

134 2369 387 2442 praeceptorum,
418 2365 584 2449 Sohaperi‚
616 2366 784 2446 Heronem,
816 2366 963 2443 aliorum,
993 2366 1047 2449 qui
1069 2364 1163 2429 etiam
1186 2366 1258 2442 post

134 2465 306 2530 discessum
329 2485 432 2532 meum
455 2487 578 2551 semper
599 2472 773 2536 studiorum
797 2487 935 2535 meorum
959 2467 1098 2533 fautores
1120 2484 1154 2530 se
1169 2482 1258 2544 prae·

133 2565 280 2630 buerunt.
327 2567 520 2636 Maturitatis
548 2573 760 2638 testimonIum
783 2572 916 2653 adeptus
939 2568 1175 2633 universitatem
1198 2564 1258 2658 Be-

134 2669 319 2734 rolinensem
347 2667 412 2734 adii
435 2677 529 2753 atque
551 2690 608 2753 per
629 2674 726 2738 octies
749 2691 802 2737 sex
826 2689 947 2737 menses
970 2670 1092 2734 scholas
1115 2669 1258 2749 trequen-

133 2769 199 2836 tavi
215 2770 462 2839 doctissimorum
480 2773 616 2838 virorum
634 2772 745 2851 Curtii·
766 2775 948 2852 alemanni,
972 2773 1123 2847 Hilbneri,
1148 2768 1258 2834 Kirch-

133 2872 236 2952 hoffii,
270 2873 488 2955 dionenheim,
516 2875 680 2956 Paulseni‚
710 2877 913 2956 Treitschlrii‚
944 2876 1091 2955 Vahleni,
1120 2870 1257 2950 Weissii,

133 2974 255 3040 Zelleri.
290 2975 454 3057 Semiperii
476 2977 623 3060 philologi
646 2998 703 3060 per
725 2987 773 3045 ter
795 2999 849 3046 sex
873 2997 995 3044 menses
1010 2978 1131 3044 sodales
1147 2974 1257 3040 Kirolr·

134 3077 219 3143 hoffii
242 3084 274 3144 et
296 3079 427 3146 Vahleni
450 3080 592 3146 doctrina
614 3080 735 3148 fructus
758 3100 837 3147 som.
870 3083 1011 3163 Denique
1033 3077 1256 3154 Kirohholfiua

135 3178 382 3259 Mttllenhollins,
412 3179 570 3248 Vahlenus
600 3183 640 3248 ad
670 3182 837 3249 societates
868 3202 943 3249 suas
965 3185 1083 3248 aditum
1107 3180 1183 3246 mihi
1207 3180 1257 3245 be·

135 3283 227 3363 nigue
249 3290 481 3350 concesserunt.
514 3283 573 3350 His
595 3287 669 3351 viris
691 3286 844 3362 omnibus,
868 3293 902 3352 ut
921 3288 1046 3368 egregia
1061 3292 1135 3351 sunt
1150 3303 1256 3351 eorum

135 3384 174 3450 de
197 3403 246 3450 me
268 3388 389 3467 merita,
412 3385 533 3470 gratias
555 3407 615 3469 ugo
637 3387 883 3455 candidissimas.
