3074 4886
826 327 845 388 6

266 528 362 594 Haut.
375 529 412 593 V.
426 528 456 608 3,
480 513 604 594 Phorm.
617 527 673 593 111.
689 531 716 607 1,
739 527 816 594 Hac.
830 527 882 594 IV.
894 528 924 606 3,
948 526 1120 606 nd.111.1‚
1146 525 1315 591 ac.1v.1.
1359 525 1398 590 In

268 628 464 696 Phormionis
487 649 600 696 scaena
621 628 677 694 ΠΙ.
699 631 714 692 l
740 629 931 695 Conradtius
947 631 1087 695 versibus
1109 630 1163 711 qui
1185 629 1218 693 in
1242 626 1329 692 exitu
1344 647 1397 692 va-

267 732 391 797 riantur
422 733 504 798 inter
527 751 562 798 se
591 731 772 814 exaequatis
795 732 932 797 variatos
955 750 1064 797 versus
1093 731 1124 796 in
1153 731 1255 796 media
1283 748 1397 796 scaena

267 839 339 915 post
361 833 521 900 versum6
545 833 708 902 terminari
731 833 838 912 voluit,
861 832 917 898 ubi
938 832 1089 898 nonnulla
1111 832 1244 898 actionis
1266 833 1398 898 mutatio

268 936 421 1002 occurrit:
450 935 532 1001 Geta
555 936 637 1001 enim
661 954 748 1000 erum
771 953 862 1001 suum
886 934 1065 1015 alloquitur,
1088 934 1120 998 in
1142 935 1232 1000 euius
1254 952 1399 1014 conspec-

269 1042 336 1102 tum
359 1055 458 1119 usque
481 1038 521 1104 ad
543 1037 703 1102 versuml
728 1056 789 1102 non
812 1041 950 1102 venerat.
996 1035 1058 1102 Sed
1081 1036 1178 1100 multo
1201 1036 1329 1116 gravior
1350 1054 1399 1100 ac-

267 1139 362 1206 tionis
392 1140 524 1205 mutatio
554 1145 774 1206 anteversum
797 1141 840 1203 20
869 1143 932 1220 est,
962 1140 1015 1204 ubi
1047 1138 1203 1204 Phaedria
1233 1159 1250 1205 e
1278 1138 1399 1204 lenonis

268 1243 359 1306 domo
382 1259 527 1322 egressus
550 1242 590 1307 ab
614 1242 674 1321 eis,
697 1242 804 1324 quiin
828 1260 941 1308 scaena
962 1243 1087 1318 adsunt,
1111 1240 1311 1322 conspicitur.
1357 1241 1400 1305 Et

268 1345 416 1424 quoniam
445 1361 546 1425 usque
576 1343 615 1407 ad
638 1344 721 1409 hunc
743 1361 866 1408 versum
890 1343 931 1406 20
958 1343 990 1408 in
1014 1345 1158 1409 omnibus
1180 1343 1268 1409 libris
1290 1360 1400 1410 versus

269 1445 439 1522 variantur,
462 1444 551 1510 libris
566 1443 659 1510 fidem
675 1443 858 1510 habebimus
871 1447 1069 1529 variatosque
1079 1464 1188 1512 versus
1203 1446 1335 1511 advers.
1348 1445 1398 1523 20,

271 1546 292 1611 i.
305 1568 333 1613 e.
355 1546 395 1613 ad
419 1548 536 1614 exitum
559 1564 700 1626 scaenae,
723 1552 852 1628 apoeta
874 1548 1042 1628 productos
1065 1566 1134 1614 esse
1156 1547 1345 1630 putabimus.

734 1799 849 1899 cap.
880 1802 936 1880 11.

358 1969 569 2052 Aggredimur
599 1971 640 2035 ad
671 1971 802 2036 alteram
830 1989 923 2052 quam
953 1971 1042 2037 uobis
1064 1973 1282 2054 proposuimus
1304 1990 1395 2053 quae·

275 2072 416 2150 stionem,
440 2090 503 2153 qua
524 2073 586 2138 fide
608 2070 680 2137 libri
702 2090 812 2138 uersus
835 2072 1046 2138 distinxerint.
1091 2075 1168 2140 Tres
1191 2079 1298 2139 extant
1319 2072 1401 2148 libri,

274 2176 437 2258 equibus,
461 2173 516 2257 qui
540 2193 649 2240 versus
672 2173 827 2240 scribendi
850 2175 923 2254 sint,
947 2177 1092 2256 cognosci
1115 2180 1233 2256 potest:
1258 2176 1294 2240 A.
1310 2174 1400 2240 Bem-

278 2278 382 2356 binuS,
404 2278 440 2342 P.
456 2275 628 2354 Parisinus,
649 2277 684 2340 F.
701 2276 935 2355 Ambrosianus,
951 2275 983 2339 in
1000 2293 1132 2358 quorum
1147 2277 1246 2356 primo
1268 2294 1402 2354 semper,

277 2380 463 2465 plerumque
484 2379 518 2444 in
540 2380 649 2458 altero,
672 2397 765 2458 saepe
781 2380 812 2443 in
828 2378 922 2442 tertio
945 2376 1105 2443 distinctio
1127 2378 1256 2443 metrica
1277 2381 1402 2442 servata

278 2487 335 2549 cst.
369 2480 432 2546 Sed
455 2482 544 2546 utin
568 2480 686 2559 verbis,
714 2482 758 2545 ita
785 2481 817 2544 in
840 2481 982 2544 versibus
1011 2479 1131 2544 librarii
1161 2484 1217 2544 aut
1243 2479 1402 2546 erroribus

278 2583 400 2650 inducti
426 2572 483 2648 aut
511 2581 598 2648 falsis
625 2582 800 2648 rationibus
827 2582 949 2664 decepti
971 2579 1162 2646 multimodis
1184 2583 1401 2663 peccaverunt.

278 2685 430 2752 Nostrum
458 2689 507 2751 est
535 2685 566 2750 in
596 2703 633 2749 ea
662 2689 768 2750 errata
795 2684 932 2748 animum
962 2682 1142 2760 intendere,
1176 2683 1290 2764 quibus
1318 2686 1402 2748 recte

279 2787 412 2869 cognitis
446 2786 598 2852 rationem
632 2787 840 2864 inveniamus,
876 2803 938 2866 qua
970 2782 1030 2875 loci
1063 2784 1207 2851 similiter
1241 2783 1402 2867 depravati

279 2888 486 2972 probabiliter
507 2888 720 2954 emendentur.

363 2989 410 3056 Ac
431 2989 573 3055 Bembini
596 2990 712 3055 codicis
734 2988 935 3055 librariusin
960 2990 1102 3056 versibus
1124 2989 1297 3056 scribendis
1318 2989 1402 3055 haud

279 3111 351 3160 raro
373 3091 405 3156 id
429 3091 555 3157 ridetur
576 3092 693 3173 egisse,
715 3098 753 3156 ut
774 3109 899 3156 versum
923 3110 992 3156 cum
1015 3109 1107 3156 versu
1130 3098 1186 3156 aut
1207 3091 1403 3156 antecedenti

280 3199 336 3263 aut
358 3193 561 3276 subsequenti
584 3199 783 3272 exaequaret.
819 3192 909 3257 Unde
931 3191 963 3254 in
979 3193 1172 3272 perpetuatis
1185 3191 1327 3255 versibus
1342 3192 1402 3256 lec·

280 3303 347 3364 tum
370 3300 435 3374 est,
459 3302 494 3360 ut
515 3295 713 3360 antecedenti
735 3293 840 3357 versui
863 3295 957 3372 caput
979 3293 1138 3373 sequentis
1162 3308 1271 3356 versus
1292 3311 1405 3360 annec-

283 3404 420 3464 teretur:
443 3396 476 3461 in
497 3395 645 3462 senariis:
662 3396 742 3460 Eun.
754 3394 797 3458 Il.
810 3393 839 3457 3.
852 3393 903 3468 34,
925 3391 1050 3458 Phorm·
1063 3393 1101 3458 V.
1113 3393 1142 3457 9.
1156 3394 1185 3471 i,
1202 3393 1260 3458 Ad.
1274 3392 1296 3459 l.
1312 3397 1338 3457 1.
1354 3395 1403 3474 12,

281 3501 313 3565 in
335 3497 540 3580 septenariis:
568 3497 649 3561 Eun.
665 3495 707 3562 Il.
723 3497 752 3558 2.
770 3497 819 3573 11,
836 3494 887 3573 25,
903 3495 955 3574 31,
982 3491 1062 3559 Eun.
1081 3496 1117 3559 V.
1133 3496 1162 3558 4.
1179 3495 1230 3575 36,
1253 3495 1349 3562 Haut.
1366 3495 1402 3562 V.

284 3604 312 3666 l.
330 3601 381 3680 79,
404 3598 528 3664 Phorm.
545 3600 581 3664 V.
599 3599 628 3662 6.
647 3601 695 3676 11,
718 3601 749 3662 in
772 3597 954 3664 octonariis:
977 3597 1057 3661 Eun.
1075 3595 1118 3661 ll.
1135 3597 1163 3660 3.
1181 3599 1231 3662 76.

367 3700 508 3767 Eandem
538 3701 577 3766 ob
607 3718 733 3766 causam
760 3698 909 3765 librarius
940 3698 1071 3765 caudam
1101 3717 1211 3766 versus
1241 3699 1406 3781 aliquoties

283 3804 378 3887 capiti
400 3803 561 3886 sequentis
584 3821 693 3868 versus
716 3801 875 3885 praefixit:
896 3803 977 3868 Eun.
995 3802 1055 3867 ΙΙΙ.
1071 3805 1099 3867 5.
1117 3804 1167 3881 21,
1185 3803 1235 3877 25,
1251 3803 1302 3879 26,
1325 3806 1404 3870 Eun.

284 3904 340 3972 IV.
356 3907 385 3968 7.
402 3906 434 3985 4,
448 3902 574 3969 Phorm.
589 3903 648 3969 Ill.
665 3905 695 3969 3.
713 3905 764 3984 26,
780 3902 904 3972 Phorm.
921 3905 958 3970 V.
972 3905 1001 3967 2.
1016 3906 1045 3984 9,
1061 3905 1280 3984 Ad.ll.4.17,
1297 3906 1406 3985 18,19,

284 4008 344 4073 Ad.
359 4004 414 4071 IV.
432 4007 462 4069 2.
478 4006 529 4070 21.

369 4107 480 4188 Neque
502 4108 584 4174 enim
606 4109 672 4175 veri
695 4113 743 4175 est
765 4107 865 4176 simile
885 4108 1048 4174 librarium
1070 4116 1200 4192 propter
1214 4107 1408 4176 membrana·

284 4217 353 4278 tum
375 4209 541 4292 angustias
563 4211 634 4278 illos
656 4231 765 4278 versus
787 4213 1027 4293 circumcidisse,
1052 4215 1197 4296 quoniam
1213 4231 1332 4292 versus,
1354 4213 1408 4293 qui
