3074 4886
494 849 766 942 ssrrrmom
785 847 1163 941 comcommm

265 1155 347 1219 Ter.
372 1154 438 1218 Ad.
455 1153 491 1217 V.
509 1153 538 1216 8.
555 1153 681 1216 31—34
704 1152 748 1217 sic
771 1158 894 1233 poetam
918 1152 1079 1233 scripsisse
1102 1155 1196 1230 puio:

940 1256 1020 1319 haenc
1042 1251 1195 1317 maculam
1219 1249 1275 1314 ῃόε
1298 1251 1389 1314 decet

351 1359 510 1440 Effigere:
535 1326 683 1426 dictumst
705 1357 777 1422 vere
800 1363 832 1422 θῖ
854 1377 888 1422 rc
910 1357 978 1439 ipsa
999 1356 1068 1421 fieri
1085 1359 1217 1436 oportet.
1253 1355 1307 1416 Ae.
1346 1353 1389 1415 Mi

1245 1461 1344 1535 pater.

349 1561 402 1626 Mi.
427 1535 509 1642 Quid
520 1563 612 1628 istic?
628 1561 756 1627 dabitur
766 1560 1017 1642 quondoquidem
1029 1561 1078 1624 hic
1088 1557 1161 1622 volt.
1179 1557 1235 1622 Dc.
1248 1555 1388 1621 Gairdco.

1055 1664 1107 1726 Ae.
1131 1661 1158 1724 0
1181 1661 1223 1724 mi
1245 1667 1346 1742 poter.

352 1765 410 1832 De.
434 1768 524 1832 Nunc
540 1769 576 1832 tir
591 1766 666 1830 mihi
682 1763 850 1848 germinus
864 1766 981 1848 pariter
997 1764 1030 1830 θε
1046 1775 1077 1828 θῖ
1089 1768 1191 1828 animo
1204 1768 1236 1826 θῖ
1247 1761 1387 1842 corpore.

265 1902 346 1967 Ter.
370 1905 455 1969 Hec.
474 1904 509 1968 V.
527 1904 557 1966 2.
576 1903 657 1966 1-2
681 1901 847 1984 legendum
871 1908 935 1967 esi:
1511 1951 1512 1954 ,

911 1997 914 2004 ’
1044 2001 1128 2067 Nihil
1151 2002 1234 2082 apud
1258 2000 1307 2064 mi
1332 2001 1390 2066 tibi

350 2104 469 2172 Defieri
491 2107 602 2186 patiar,
625 2109 700 2189 quic
723 2107 806 2191 quod
830 2124 908 2189 opus
931 2105 972 2168 sit
995 2103 1127 2184 benigne
1150 2103 1353 2184 praebciiur.
1511 2129 1512 2136 θ

265 2239 390 2306 Pleni.
414 2243 526 2307 Truc.
543 2241 596 2307 IV.
614 2242 676 2306 3.1
703 2243 901 2307 scribendum
924 2246 986 2307 est:

351 2343 418 2408 Tibi
449 2363 526 2426 egon
558 2345 739 2410 maledicam
762 2345 818 2412 erit
841 2345 898 2409 tibi
922 2349 1026 2410 autem
1050 2340 1251 2406 milevelim?
1271 2362 1297 2407 θ.
1315 2359 1347 2422 q.
1365 2361 1388 2406 s.

266 2477 388 2544 Plani.
411 2481 523 2544 Truc.
540 2479 563 2542 1.
583 2483 609 2544 1.
629 2481 667 2542 16
690 2480 888 2545 scribendum
913 2485 979 2545 est:

351 2579 384 2644 Si
406 2581 513 2647 inierit
534 2587 601 2646 reio
623 2583 724 2664 piscis
749 2601 787 2647 ne
810 2581 941 2662 effugiit
963 2588 1062 2646 cavet.

266 2718 396 2783 Plaui.
420 2718 553 2782 Bacch.
570 2715 608 2779 V.
625 2719 653 2780 2.
670 2718 765 2782 4-o
778 2719 977 2782 scribendum
1001 2723 1065 2782 cst:

690 2819 697 2830 ¹
1086 2907 1088 2910 .
1141 2821 1254 2885 Pastor
1275 2821 1390 2886 herum

349 2914 473 2988 Dormit
494 2941 588 3005 quom
612 2921 669 2987 hac
693 2924 769 2986 erim
792 2941 811 2986 a
833 2923 912 3004 pecii
934 2921 1111 3004 peliiintes

266 3056 443 3140 Sophocl.
468 3058 522 3122 Αἱ.
546 3059 609 3122 880
632 3060 831 3124 scribendum
854 3065 903 3124 θεῖ
926 3064 1020 3137 cruor,
1045 3057 1117 3124 libri
1142 3057 1234 3120 θεῶν.

266 3191 300 3258 C.
325 3192 463 3257 Iulium
489 3195 692 3259 Romanum
716 3195 954 3276 grammaticum
971 3195 1049 3260 duos
1064 3194 1161 3259 libros
1177 3193 1391 3276 composuisse

351 3297 517 3372 contendo,
546 3296 679 3361 alterum
707 3299 744 3361 dc
774 3297 934 3376 analogio,
959 3297 1091 3362 aiterum
1121 3314 1212 3376 quem
1244 3292 1391 3380 ἀφορμάς

351 3396 518 3478 inscripsit.
1412 3389 1415 3398 '
