3074 4886
596 317 790 422 A*

132 531 292 601 naverunt,
314 531 380 605 aut,
403 525 458 592 ubi
481 527 697 605 turbaverunt,
720 525 798 607 ipsis
820 525 921 591 turbis
943 543 1000 592 nos
1015 523 1136 589 hortari
1151 524 1258 590 viden-

131 634 201 705 tur,
231 635 266 693 ut
294 628 450 711 legitimos
480 628 606 694 ordines
634 631 851 707 restituamus
882 629 951 708 ipsa
976 626 1196 708 probabilitate
1219 647 1256 692 eo

130 732 331 810 adducimur,
354 738 390 796 ut
411 734 506 797 etiam
528 733 559 796 in
582 733 630 796 his
652 733 754 796 tribus
777 732 914 809 scaenis,
937 731 968 793 in
991 730 1105 810 quibus
1127 747 1256 810 prorsus

130 832 223 898 iidem
254 851 363 898 versus
393 835 554 914 leguntur,
588 833 721 898 eundem
752 851 898 898 versuum
927 831 1068 898 ordinem
1097 837 1254 918 servatum

130 953 199 1001 esse
221 934 394 1001 credamus.

627 1177 728 1260 ·§5.

213 1315 316 1396 Atque
343 1316 420 1381 haec
442 1315 567 1397 quidem
591 1317 629 1382 de
652 1315 813 1382 ordinibus
835 1315 1066 1382 trochaicorum
1088 1332 1251 1382 versuum:

129 1416 288 1482 videamus
317 1437 413 1497 nnnc,
442 1425 519 1500 quot
544 1418 576 1483 in
607 1435 731 1500 quoque
759 1417 826 1482 loco
856 1435 964 1482 versus
994 1418 1076 1484 inter
1106 1419 1251 1503 sesequi

126 1525 220 1599 poeta
255 1520 416 1612 voluerit..
444 1523 490 1586 Er
525 1523 646 1586 scaenis
675 1521 873 1601 perlustratis
901 1525 1033 1602 apparet
1060 1521 1250 1600 Terentium,

126 1623 268 1702 quamvis
291 1627 471 1690 constanter
493 1624 575 1689 hunc
598 1622 739 1688 ordinem
762 1621 944 1700 servaverit,
968 1629 1072 1688 tamen
1088 1642 1250 1689 numerum

125 1723 236 1787 borum
259 1743 420 1805 versuum,
452 1733 546 1807 prout
569 1726 676 1804 libuit,
704 1725 857 1790 variasse:
886 1726 977 1790 modo
999 1723 1130 1807 singuli,
1159 1726 1250 1792 modo

124 1825 229 1906 plures
253 1847 361 1894 versus
377 1828 534 1911 leguntur.
570 1830 655 1894 Alias
671 1828 821 1893 trochaici
837 1827 987 1894 octonarii
1003 1833 1124 1893 ceteros
1140 1845 1249 1893 versus

123 1946 254 1993 numero
282 1937 447 2011 superant,
476 1932 562 1996 velut
588 1930 620 1994 in
644 1932 723 1995 Eun.
742 1927 796 1993 lV.
814 1931 847 2007 6,
876 1931 929 1995 ubi
958 1947 1068 1994 novem
1096 1931 1248 1996 octonarii

124 2029 285 2106 trochaici,
308 2051 390 2098 unus
404 2031 727 2114 semiseptenariuset
744 2031 941 2113 septenarius
958 2030 1144 2111 trochaicus,
1168 2051 1248 2097 unus

124 2135 302 2199 octonarius
329 2137 478 2201 iambicus
506 2135 796 2217 deprehenduntur,
826 2134 904 2198 alias
927 2140 1077 2216 superant
1098 2135 1248 2208 trochaici

123 2238 291 2316 septenarii
322 2235 460 2302 velutin
483 2239 558 2302 Hac.
577 2235 613 2300 V.
629 2237 667 2316 4,
697 2237 750 2302 ubi
773 2253 883 2301 novem
906 2235 1056 2301 trochaici
1078 2237 1247 2318 septenarii

124 2342 156 2402 et
179 2357 258 2403 unns
281 2340 571 2421 semiseptenarins,
593 2341 656 2406 duo
678 2339 827 2404 trochaici
850 2339 1012 2417 octonarii,
1035 2356 1116 2403 nnus
1139 2339 1245 2404 iambi·

123 2457 178 2503 cus
201 2442 378 2504 octonarius
400 2441 557 2522 leguntur,
581 2443 659 2507 alias
682 2447 832 2522 superant
853 2441 978 2507 iambici
994 2439 1145 2506 octonarii
1161 2442 1247 2507 velut

122 2541 153 2605 in
170 2539 365 2605 PhormIlI.
378 2545 408 2622 l,-
429 2542 483 2607 ubi
506 2550 576 2608 octo
599 2543 723 2609 iambici
745 2543 908 2623 octonarii,
931 2550 1082 2626 quattuor
1097 2543 1246 2611 trochaici

122 2641 283 2720 octonarii,
307 2644 369 2708 duo
392 2643 561 2725 septenarii
583 2645 733 2710 trochaici
755 2664 774 2709 a
796 2651 889 2727 poeta
910 2647 1004 2729 positi
1027 2653 1109 2711 sunt.

208 2762 318 2845 Neque
347 2767 452 2828 tamen
482 2763 589 2844 negari
617 2770 722 2846 potest
744 2767 852 2831 eodem
875 2785 1021 2831 versuum
1044 2784 1174 2832 numero
1196 2787 1245 2832 re·

121 2865 219 2947 petito
241 2864 399 2930 interdum
423 2864 622 2931 artificiosam
644 2867 782 2950 partium
805 2867 1061 2948 aequabilitatem
1083 2870 1113 2934 in
1130 2871 1179 2935 bis
1195 2890 1242 2935 or·

121 2969 246 3033 dinibus
268 2957 417 3032 effectam
433 2987 516 3034 esse:
541 2970 626 3034 velat
647 2968 678 3035 in
694 2969 769 3037 Hac.
787 2971 861 3035 v.4
882 2989 1005 3052 scaena,
1028 2973 1118 3038 cuius
1134 2992 1243 3039 versus
1337 3016 1339 3022 .

120 3075 151 3137 in
173 3070 404 3155 amplificatum
418 3073 558 3162 ordinem
581 3073 713 3139 adducti
731 3081 813 3151 sunt,
836 3075 985 3141 trochaici
1008 3093 1117 3142 uersus
1136 3076 1180 3142 ita
1195 3096 1243 3142 or·

120 3175 277 3256 dinantur,
299 3182 334 3242 at
357 3195 466 3242 versus
489 3175 594 3242 versui
617 3177 818 3258 respondeat:

332 3347 443 3412 Troch.
467 3354 527 3414 oct.
672 3347 782 3412 Troch.
805 3354 865 3413 oct

395 3450 507 3517 Troch.
530 3456 609 3531 sept.
736 3450 845 3515 Troch.
869 3458 948 3534 sept.

394 3553 504 3617 Troch.
521 3559 609 3634 sept.
736 3551 846 3617 Troch.
869 3559 948 3633 sept.

395 3656 504 3721 Troch.
529 3661 608 3736 sept
736 3653 847 3719 Troch.
867 3652 1026 3734 semisept.

394 3757 504 3824 Troch.
528 3761 607 3839 sept.
734 3755 845 3821 Troch.
868 3760 947 3836 sept.

394 3859 504 3926 Troch.
528 3861 607 3939 sapt.
734 3857 844 3923 Troch.
868 3862 947 3938 sept.

576 3975 675 4043 lamb.
698 3980 759 4044 oct

200 4070 341 4185 Similem
353 4119 489 4198 partium
501 4115 755 4202 aequabilitatem
763 4116 931 4184 Terentius
942 4118 1067 4185 videtur
1075 4117 1106 4182 in
1114 4116 1237 4182 Phorm.

114 4219 141 4286 1.
156 4223 177 4285 4
199 4239 312 4288 scaena
334 4221 394 4288 sibi
408 4223 617 4305 proposuisse,
640 4220 672 4287 in
687 4238 751 4303 qua
765 4220 792 4286 si
806 4219 945 4300 artium,
967 4224 1126 4303 quartum,
1148 4219 1239 4302 quin·
