3074 4886
827 339 869 405 52

509 541 523 612 ll
544 545 636 604 Facile
657 544 768 618 omnes,
790 561 853 605 cnm
874 545 1012 620 vale‘mus,
1039 549 1116 607 recta
1136 546 1255 606 odusilia
1280 547 1413 622 eegrotie

1199 642 1305 701 damus.

508 732 550 792 'I'u
564 733 590 792 si
603 733 649 793 hic
663 734 717 808 sis,
737 734 820 794 aliter
841 733 957 794 sentias.
970 733 982 803 l
1000 736 1061 810 Age
1081 753 1144 811 ago,
1165 736 1198 794 irt
1218 736 1305 796 lubet.
1318 736 1330 802 ΙΙ
1351 737 1409 795 Sed

1126 829 1303 905 Pamphilum

509 921 606 982 Video.
628 922 722 982 omnia
733 922 854 998 experiri
867 925 1002 983 certumst
1016 923 1094 998 prius
1108 941 1191 997 quam
1207 938 1297 998 pereo·
1310 921 1322 990 ll
1334 922 1411 993 Quid

1155 1018 1203 1077 hic
1223 1017 1305 1092 agit?

509 1108 523 1177 ll
542 1110 638 1185 Ipsum
663 1109 738 1170 hinc
768 1111 867 1180 orabo,
899 1111 965 1169 huic
990 1109 1169 1186 sipplicebc,
1196 1109 1318 1169 amorem
1339 1110 1411 1170 hnic

1061 1203 1182 1264 narrabo
1203 1221 1304 1263 meum.

512 1296 598 1357 Credo
619 1297 786 1372 impetrabo,
807 1298 838 1356 ut
852 1296 962 1370 aliquot
982 1296 1081 1356 saltem
1097 1296 1206 1371 niptiis
1220 1297 1324 1371 prodat
1337 1297 1409 1356 dies.

510 1389 622 1451 Interea
636 1390 685 1450 fiet
695 1389 812 1464 aliquid,
824 1406 914 1465 spero.
926 1389 938 1457 ll
950 1390 981 1448 Id
993 1389 1100 1465 aliquid
1116 1389 1186 1449 nihil
1201 1395 1252 1451 ost.
1265 1390 1278 1457 ΙΙ
1296 1383 1408 1466 By‘rria,

512 1485 585 1556 ouid
609 1485 662 1545 tibi
684 1483 814 1545 videtur?
844 1485 935 1544 adeon
956 1485 991 1542 ed
1014 1483 1120 1551 enmtll
1138 1483 1262 1553 Quidni?
1289 1487 1314 1544 si
1335 1486 1410 1546 nihil

1160 1580 1303 1654 impetres,

509 1673 548 1732 Ut
563 1676 590 1734 te
607 1673 762 1734 arbitretur
777 1675 833 1734 sibi
848 1675 975 1749 paratum
988 1674 1143 1747 moechum,
1159 1673 1183 1732 si
1194 1673 1269 1733 illam
1287 1675 1407 1735 dixerit.

548 1754 551 1760 ’
598 1765 708 1835 ll‘Abin
728 1767 795 1827 hinc
815 1769 844 1826 in
865 1767 967 1828 maltrn
989 1785 1045 1828 rem
1061 1785 1123 1828 cum
1144 1768 1303 1843 suspicione
1322 1769 1408 1842 istac,

1191 1862 1303 1922 scelus?

280 1972 398 2037 Versus
413 1973 432 2035 2
449 1972 622 2054 elegantiae
637 1972 831 2039 Fleckeiseni
854 1972 1034 2041 coniectura
1049 1973 1079 2035 ei
1094 1980 1221 2056 recepta
1242 1972 1407 2039 consulere

278 2093 340 2140 nou
364 2072 556 2140 dubitamus.
590 2072 740 2141 versusr
764 2075 794 2139 in
817 2075 905 2141 libris
928 2076 1011 2140 iusto
1034 2075 1155 2156 longior
1177 2082 1240 2140 est:

357 2193 402 2253 Ab
430 2195 536 2266 quanto
562 2192 666 2252 satiust
691 2195 718 2252 te
743 2193 772 2252 id
798 2194 865 2252 dare
890 2208 1016 2268 operam,
1042 2192 1091 2266 qui
1116 2194 1201 2252 istum
1229 2211 1348 2253 amorem
1370 2210 1405 2253 ex

581 2293 587 2309 ·
981 2287 1073 2346 animo
1094 2304 1224 2346 amoveas
1244 2290 1301 2348 tuo.

278 2389 418 2455 Faernus
448 2407 518 2454 enm
548 2391 592 2453 ita
623 2389 814 2466 emendavit,
844 2394 880 2453 ut
908 2388 958 2450 Ab
985 2388 1230 2456 interiectionem
1260 2391 1291 2453 in
1320 2390 1404 2455 exitu

278 2492 492 2558 antecedentis
514 2510 623 2557 versus
652 2499 833 2571 reponeret,
863 2502 915 2555 tao
943 2497 1047 2557 autom
1077 2498 1114 2556 ut
1135 2493 1276 2558 voculam
1299 2492 1404 2559 subdi-

278 2595 374 2660 tivam
403 2615 421 2660 e
449 2613 540 2660 versu
570 2595 718 2662 abiceret.
763 2594 881 2660 Contra
909 2595 1025 2660 Harius
1055 2614 1224 2676 pronomen
1255 2605 1322 2674 tao,
1353 2594 1403 2660 cui

278 2715 384 2762 omnes
413 2697 484 2762 libri
512 2703 543 2762 et
573 2698 714 2764 Donatus
743 2702 776 2764 et
803 2698 996 2780 Augustinus
1030 2698 1312 2778 patrocinarentur,
1343 2715 1403 2762 non

278 2795 459 2878 delendum,
483 2799 537 2864 sed
561 2799 707 2882 sequenti
728 2800 832 2865 versui
856 2797 1089 2882 praeligendum
1112 2818 1181 2864 esse
1204 2801 1339 2865 censuit:

355 2917 446 2991 Tuo¹)
467 2935 550 2992 quam
572 2917 601 2976 id
621 2918 700 2992 loqui
725 2935 779 2992 quo
804 2916 895 2992 magis
919 2915 1007 2975 libido
1032 2915 1136 2976 irustre
1161 2917 1326 2978 incendatur
1346 2923 1401 2978 tua.

278 3038 330 3119 qui
354 3057 463 3112 versus
493 3045 550 3105 aut
579 3039 729 3104 iambicus
758 3037 935 3103 octonarius
964 3035 1028 3100 Tuo
1055 3058 1150 3122 qnam
1175 3035 1401 3124 adloquique

277 3140 381 3227 mdpia
412 3147 468 3206 aut
494 3140 672 3207 trochaicus
701 3140 898 3222 septenarius
932 3139 997 3202 Teo
1028 3161 1124 3226 qoam
1157 3138 1195 3203 id
1226 3138 1315 3224 liqui
1344 3162 1401 3226 quc

277 3244 382 3330 mdpa'o
404 3243 513 3309 haberi
535 3247 651 3325 potest.
683 3239 745 3308 Sed
768 3260 837 3308 cum
854 3261 1023 3325 pronomen
1047 3254 1098 3305 tuo
1121 3243 1206 3308 nullo
1229 3246 1402 3309 sententiae

277 3345 466 3414 detrimento
489 3347 591 3412 omitti
614 3346 727 3426 possit,
751 3363 834 3424 cum,
866 3363 927 3428 quo
957 3343 1026 3410 loco
1049 3345 1192 3410 additum
1215 3351 1271 3419 est,
1294 3365 1401 3411 versus

277 3468 423 3516 numeros
450 3451 616 3533 depravet,
647 3468 716 3514 curn
747 3449 881 3531 denique
910 3468 947 3514 ex
976 3445 1037 3513 fine
1060 3466 1169 3513 versus
1191 3449 1293 3513 octavi
1314 3446 1402 3513 facila

277 3553 309 3618 in
331 3551 414 3617 hunc
436 3568 498 3632 quo
521 3570 603 3616 nunc
632 3559 718 3617 extat
740 3553 842 3617 locum
871 3551 1023 3616 insinuari
1053 3554 1206 3635 potnerit,
1237 3552 1277 3617 ab
1308 3551 1402 3615 iuter·

277 3652 434 3735 polatlone
456 3654 630 3736 proiectum
652 3674 722 3720 esse
743 3657 809 3719 veri
831 3652 936 3736 paullo
959 3651 1092 3717 similius
1115 3658 1173 3718 eet.
1206 3652 1348 3733 Denique
1370 3652 1402 3716 in

276 3773 387 3821 versus
405 3757 443 3818 ll
468 3755 558 3822 initio
580 3756 652 3823 libri
668 3756 704 3820 B.
718 3759 754 3822 E.
769 3757 806 3821 D.
818 3756 873 3821 Ga:
897 3756 963 3820 Abi
984 3754 1066 3834 binc,
1089 3756 1140 3820 P.:
1165 3755 1241 3819 abin
1262 3753 1343 3836 teto,
1366 3753 1401 3819 C.

276 3857 325 3940 (P.
356 3857 484 3940 iraterl:
522 3859 576 3923 abt
590 3858 602 3926 ll
621 3859 694 3925 tino
728 3861 888 3943 praebent.
935 3860 1024 3925 Libri
1042 3861 1078 3924 B.
1098 3859 1134 3922 Ε.
1154 3858 1191 3922 Ι).
1210 3857 1246 3922 G.
1277 3875 1402 3923 versum

275 3959 390 4026 misere
418 3960 657 4041 claudicantem,
689 3963 713 4026 P
736 3961 782 4045 (et
805 3961 843 4044 (l)
872 3964 1063 4028 trochaicum
1098 3959 1310 4042 septenarium
1338 3967 1401 4025 tam

275 4066 439 4144 acceptum
461 4061 672 4144 tradiderunt,
701 4069 737 4128 ut
758 4061 892 4129 Parisini
914 4063 1071 4144 scriptura
1093 4061 1217 4128 etiamsi
1239 4081 1276 4128 ex
1300 4080 1403 4127 emen-

272 4190 274 4194 ’
344 4233 366 4302 ι)
384 4229 424 4286 cr
437 4230 519 4288 anu.
531 4230 580 4285 nr.
599 4234 624 4287 a.
642 4234 659 4286 e
677 4236 705 4286 et
722 4233 747 4296 a,
765 4229 863 4287 netur.
875 4230 922 4286 rv.
940 4234 963 4285 u
981 4233 1015 4286 no
1035 4235 1063 4286 et
1080 4231 1121 4288 n.

1521 587 1527 646 l
