3074 4886
685 358 727 425 53

139 560 265 625 datione
295 561 417 628 scribae
446 561 525 627 artis
554 564 701 629 metricae
727 563 820 645 periti
852 567 923 629 orta
945 569 1046 645 esset,
1077 571 1266 634 tamennon

140 663 348 744 improbanda
366 670 458 730 esset.

224 764 343 842 Quodsi
372 769 457 831 recte
486 767 525 832 de
554 767 602 832 his
625 769 767 835 versibus
794 768 1012 850 iudicavimus,
1044 771 1181 838 dubitari
1203 791 1266 839 non

139 870 256 946 potest,
281 867 335 950 qui
357 867 482 934 ordines
505 870 663 935 statuendi
686 872 765 938 sint:
794 871 904 954 incipit
931 871 1060 955 simplex
1089 873 1265 941 trochaicus

137 965 224 1044 ordo,
247 966 278 1029 in
301 985 363 1049 quo

498 1057 512 1118 1
538 1055 649 1122 Troch.
673 1061 734 1122 oct.

592 1160 606 1221 1
633 1158 744 1224 Troch.
769 1164 847 1241 sept

681 1261 700 1323 2
724 1262 821 1328 lamb.
845 1267 905 1328 oct.

135 1393 293 1477 leguntur.
329 1395 450 1462 Deinde
473 1395 683 1478 amplificatus
701 1399 778 1464 ordo
793 1399 970 1466 trochaicus
986 1391 1138 1484 aequitum
1153 1401 1185 1470 in
1201 1421 1264 1486 quo

496 1537 509 1596 l
535 1534 646 1601 Troch.
669 1541 729 1602 oct
772 1541 778 1556 “

591 1640 604 1699 1
631 1639 743 1704 Troch.
766 1645 844 1720 sept.

497 1740 511 1802 1
538 1739 649 1804 Troch.
672 1745 732 1809 oct.

587 1845 602 1904 1
628 1843 739 1909 Troch.
762 1850 842 1927 sept.

679 1946 693 2008 1
719 1946 817 2012 Iamb.
840 1953 901 2013 oct.

133 2061 249 2128 insunt.
285 2064 362 2127 Tum
386 2066 463 2130 ordo
485 2066 818 2134 iambico-trochaicus
841 2069 989 2146 succedit,
1012 2072 1065 2155 qui
1089 2091 1126 2136 ox

492 2203 510 2263 7
533 2202 631 2267 Iumh.
653 2210 713 2268 oct.

588 2309 601 2368 1
628 2306 737 2374 Troch.
760 2313 839 2390 sept

133 2446 263 2506 constat.
298 2441 389 2507 Ohvii
412 2441 513 2522 igitur
534 2443 615 2510 inter
633 2461 668 2510 se
690 2449 764 2509 sunt
784 2444 911 2512 iambici
935 2445 1098 2525 octonarii,
1119 2445 1174 2525 qui
1197 2449 1260 2510 tro·

132 2543 271 2608 choicum
296 2545 436 2610 ordinem
459 2545 682 2626 amplificatum
706 2545 871 2626 claudunt,
895 2555 927 2613 et
948 2546 1075 2613 iambici
1098 2547 1259 2626 octonarii,

131 2646 184 2726 qui
200 2647 338 2711 ordinem
362 2646 700 2713 iambico-trochaicum
715 2647 870 2724 inchoant,
886 2656 923 2713 ut
937 2650 1099 2714 amborum
1115 2648 1259 2713 ordinum

132 2746 297 2812 confinium
320 2748 381 2812 nisi
404 2767 442 2814 ex
464 2751 689 2814 sententiarum
713 2767 853 2814 connexu
876 2749 1010 2814 discerni
1029 2767 1091 2815 non
1106 2751 1213 2830 possit.
1340 2831 1345 2838 ι

218 2847 401 2933 Comparari
424 2855 529 2933 potest
550 2870 621 2917 oum
643 2851 702 2917 hac
716 2849 814 2916 Andr.
838 2867 951 2916 scaena
973 2849 1070 2916 Haut.
1085 2851 1108 2916 Ι.
1124 2851 1155 2931 2,
1178 2870 1259 2934 quae

131 2955 163 3015 et
184 2951 254 3034 ipsa
274 2952 398 3018 initium
420 2971 439 3016 a
462 2951 620 3018 trochaico
642 2954 752 3020 ordine
774 2954 872 3036 capit:

459 3087 569 3154 Troch.
593 3094 653 3155 oct.

553 3191 662 3258 Troch.
686 3199 764 3274 sept.

460 3295 570 3361 Troch.
595 3303 655 3362 oot.

554 3395 664 3463 Troch.
688 3403 767 3480 sept.
790 3417 816 3464 o.
840 3399 997 3482 semisept.

641 3498 739 3566 Iamh.
762 3507 822 3567 oct.

131 3634 260 3702 lambioi
291 3637 443 3702 octonarii
473 3655 573 3719 usque
602 3637 641 3701 ad
665 3655 790 3701 versum
816 3638 854 3700 12
878 3641 1049 3718 pertinent,
1077 3655 1170 3719 quem
1193 3634 1257 3702 tro·

131 3739 256 3805 choicus
279 3741 477 3820 septenarius
499 3740 530 3804 in
547 3739 690 3806 omnihus
713 3739 803 3806 libris
826 3741 979 3821 sequitur.
1012 3740 1159 3806 Editores
1174 3739 1256 3805 hune

129 3842 339 3922 septenarium
374 3839 425 3905 alii
464 3837 534 3905 aliis
569 3840 757 3904 coniecturis
793 3846 971 3920 tentarunt,
1005 3861 1043 3906 ne
1079 3840 1256 3906 trochaicus

129 3941 212 4008 inter
234 3943 383 4010 iambicos
406 3961 515 4008 versus
538 3941 668 4006 veniret.
706 3942 765 4008 Sed
789 3943 982 4025 probabilius
1004 3947 1145 4008 statuere
1167 3943 1256 4014 nobis

124 4045 271 4111 ridemur
296 4047 327 4110 in
357 4045 416 4109 hao
444 4063 568 4127 quoque
598 4061 712 4109 scaena
742 4043 934 4111 trochaicum
964 4049 996 4108 et
1024 4042 1252 4109 iambico-tro·

130 4147 271 4214 chaicum
295 4148 434 4213 ordinem
458 4149 668 4214 consociatum
692 4165 771 4226 esse,
794 4165 928 4228 quorum
952 4143 1117 4214 confinium
1141 4146 1168 4210 si
1185 4164 1255 4211 con·

130 4251 261 4317 stituere
283 4251 366 4330 licet,
390 4251 472 4316 inter
495 4249 535 4316 10
558 4257 591 4318 et
615 4253 651 4314 ll
677 4270 746 4317 esse
768 4251 919 4316 dicamus.
