3074 4886
677 367 715 432 51

132 568 193 637 duo
216 573 367 640 trochaici
390 572 575 656 septenarii,
606 573 662 654 qni
683 573 813 639 totidem
836 571 977 640 iambicis
1001 574 1187 656 septenariis
1210 594 1260 642 ex·

132 673 300 758 cipiantur,
323 676 465 743 iambicis
481 682 585 742 autem
601 676 786 756 septenariis
802 677 953 758 quattuor
967 675 1095 743 iambici
1108 677 1259 744 octonarii

131 780 313 845 succedunt.
347 777 474 860 Ambigi
488 779 571 855 licet,
594 782 700 844 utrum
722 777 772 847 hic
794 779 889 845 ordo:

540 916 652 982 ibach.
676 921 755 998 sept.

603 1018 701 1086 Iamb.
725 1025 804 1103 sept.

667 1121 766 1188 lamb.
789 1126 850 1187 oct.

132 1224 171 1272 an
194 1205 261 1274 ilie:

542 1293 652 1360 Troch.
675 1297 754 1372 sept.
872 1331 877 1344 ,

603 1394 703 1461 Iamb.
725 1399 814 1476 sept,

132 1551 225 1613 quem
248 1532 381 1598 iambica
404 1532 553 1614 pericopa
575 1532 727 1612 sequitur,
751 1531 939 1597 statuendus
961 1532 1012 1597 sit.
1057 1533 1124 1598 Hoc
1147 1531 1260 1614 proba·

132 1634 225 1701 bilius
247 1635 381 1714 uidetur,
406 1633 553 1717 quoniam
576 1633 637 1699 nisi
660 1635 691 1699 in
714 1632 879 1699 trochaicis
903 1633 1065 1700 ordinibus
1087 1651 1259 1716 numquam

135 1744 200 1806 tres
222 1739 301 1804 varii
322 1755 432 1804 versus
456 1756 517 1804 nno
540 1736 649 1803 ordine
671 1736 887 1819 comprehensi
909 1741 992 1802 sunt.

600 1973 714 2074 Cap.
743 1975 798 2060 V.

219 2149 372 2229 Quoniam
395 2148 493 2229 igitur
515 2146 652 2226 cantica,
675 2152 706 2212 et
724 2145 886 2229 inquibus
909 2146 1058 2214 trochaici
1080 2147 1206 2214 ordines
1229 2154 1261 2214 et

131 2254 164 2318 in
196 2254 311 2334 quibus
333 2250 646 2328 trochaico-iambici
668 2249 717 2314 vel
739 2249 1045 2316 iambico-trochaici
1067 2249 1193 2316 ordines
1216 2249 1261 2315 iu-

132 2362 222 2434 sunt,
252 2355 528 2437 perlustravimus,
560 2373 643 2421 nunc
671 2373 707 2420 ea
737 2354 913 2429 videamus,
943 2353 1111 2440 inquibus
1134 2352 1260 2420 hicum

131 2457 193 2523 illis
216 2456 385 2522 consociati
408 2462 490 2522 sunt.

216 2558 457 2625 Proficiscamur
489 2560 520 2623 in
556 2560 747 2642 expiicandis
781 2560 874 2626 huius
906 2559 1029 2642 generis
1063 2558 1192 2625 canticis
1219 2559 1260 2625 ab

133 2663 230 2727 Andr.
261 2680 378 2726 scaena
399 2662 439 2726 ΙΙ.
464 2663 500 2724 l:
533 2659 688 2727 Charinus
723 2680 792 2727 cum
828 2661 1000 2728 audivisset
1036 2661 1260 2742 Philumenam,

133 2784 226 2847 quam
251 2761 429 2846 deperibat,
453 2763 548 2830 alium
570 2765 602 2829 in
626 2764 859 2831 matrimonium
882 2767 1049 2830 ducturum
1071 2782 1157 2844 esse,
1189 2781 1258 2829 con·

133 2867 316 2933 citatissimo
339 2868 441 2930 animo
464 2866 495 2930 in
519 2885 662 2933 scaenam
686 2867 800 2948 prodit,
825 2870 897 2934 dum
921 2868 1034 2951 Byrria
1055 2887 1165 2934 servus
1188 2886 1259 2935 eum

133 2969 285 3037 consolari
309 2975 341 3036 et
363 2970 402 3035 ab
426 2988 533 3035 amore
555 2971 677 3052 perdito
701 2971 835 3038 avellere
857 2972 980 3038 studet:

211 3141 283 3211 Quid
299 3140 349 3212 ais,
365 3139 487 3216 Byrriti
509 3141 627 3230 daturne
640 3140 691 3200 illa
703 3139 852 3217 Ptmphilo
872 3139 956 3202 hodia
970 3138 1109 3214 sriptum?
1120 3139 1132 3208 ΙΙ
1145 3141 1192 3202 Sic
1205 3143 1258 3204 ast.

285 3234 340 3305 Qui
360 3235 436 3295 scis?
453 3233 561 3309 itApud
588 3235 679 3296 iordm
705 3235 786 3294 modo
807 3250 822 3294 a
841 3236 921 3296 Davo
946 3233 1053 3294 addivi.
1065 3233 1078 3302 ΙΙ
1096 3235 1259 3341 1111111116

362 3425 402 3482 Ut
422 3421 532 3482 animus
559 3421 590 3480 in
611 3437 661 3496 spe
689 3422 773 3494 etque
793 3421 822 3479 in
843 3421 942 3482 timore
963 3438 1051 3497 usqne
1073 3329 1195 3483 1111111111
1214 3425 1259 3483 at-

976 3515 1073 3574 tentis
1093 3515 1156 3587 fnit,

362 3611 415 3682 Ita,
438 3610 588 3684 postquam
609 3610 740 3682 adempta
761 3606 892 3683 spissat,
911 3608 1006 3669 lassus
1026 3608 1093 3669 odra
1114 3609 1259 3670 coniectis

153 3807 169 3859 5
211 3797 227 3866 b
236 3797 343 3869 Quaeso
365 3797 472 3873 edepol,
494 3796 625 3871 Charino,
647 3797 778 3871 quoniam
798 3795 855 3855 ndu
873 3798 966 3873 potest
984 3798 1014 3856 id
1032 3705 1192 3872 iisotrlipcoptiod
1206 3799 1259 3875 vis,

284 3887 328 3948 'Id
349 3888 419 3949 velis
444 3889 520 3962 quod
546 3888 646 3964 possit.
659 3888 672 3955 ΙΙ
688 3887 767 3948 Nihil
788 3888 849 3948 volo
875 3888 952 3949 {alind
978 3890 1034 3951 nisi
1053 3891 1258 3954 Philumenam.

210 4076 320 4147 Quanto
341 4073 445 4136 satiust
464 4077 492 4137 ta
513 4077 541 4136 id
564 4077 631 4137 dara
651 4092 773 4150 operam,
794 4077 842 4150 qni
862 4079 947 4138 istum
967 3985 1088 4139 amureg
1101 3987 1258 4142 {gammo

1016 4189 1155 4248 amoveas,

287 4264 375 4334 Quam
397 4265 425 4324 id
446 4264 533 4339 loqui,
553 4283 608 4338 quo
628 4263 722 4340 magis
742 4264 831 4324 libido
850 4264 956 4326 frustra
976 4265 1142 4360 incendatdr
1162 4271 1218 4330 tua.
1257 4321 1260 4326 .

1072 4361 1105 4414 4.
