3074 4886
685 288 725 354 39

137 495 249 577 quihus
272 494 427 560 octonarii
450 493 600 561 trochaici
623 513 683 560 non
699 493 921 573 admiscentur,
945 493 1137 574 frequentari
1153 492 1264 573 solent,

136 598 287 665 iambicus
309 598 489 666 octonarius
512 601 544 663 et
566 597 743 662 trochaicus
762 596 973 679 septenarius:
997 597 1099 663 rarius
1115 597 1265 664 iambicus

136 700 373 783 quaternarius,
404 719 572 781 numquam
597 699 774 765 trochaicus
797 699 1072 782 semiteptenarius
1094 700 1262 767 inseritur:

135 821 236 884 neque
259 821 352 884 saepe
375 803 497 869 iambici
521 802 693 882 septenarii
716 807 772 867 aut
794 801 909 867 senarii
932 805 963 868 in
987 802 1048 868 illis
1071 804 1199 869 canticis
1221 804 1263 870 le·

135 912 262 986 guntur.
308 906 412 986 Quare
439 910 531 972 caute
554 905 709 986 agendum
734 902 810 982 erit,
842 922 881 970 ne
904 924 941 970 en
963 903 1094 987 singulis
1116 923 1263 970 versuum

135 1009 408 1075 consecutionibus
446 1007 576 1075 totidem
614 1007 844 1074 consecutionis
880 1007 966 1092 leges
1003 1006 1187 1090 cognouisse
1220 1007 1263 1071 vi·
1377 1033 1381 1040 ·

135 1111 277 1177 deamur.

221 1235 324 1312 Atque
346 1237 382 1297 ut
405 1233 444 1297 ab
468 1231 514 1296 eia
537 1229 658 1295 scaenis
681 1230 851 1309 ordiamur,
874 1231 905 1294 in
928 1231 1043 1314 quibus
1065 1230 1191 1295 iambici
1212 1248 1261 1295 oc·

134 1333 247 1398 tonarii
276 1340 309 1399 et
330 1333 481 1399 trochaici
504 1331 675 1414 septenarii
698 1333 781 1398 inter
803 1352 836 1398 se
859 1334 1030 1410 variantur,
1053 1333 1084 1398 in
1108 1332 1263 1414 Adelpho-

133 1453 204 1500 rum
225 1432 320 1500 uta
343 1454 456 1503 scaena
478 1435 511 1499 hi
533 1453 642 1501 versus
665 1435 788 1517 legendi
812 1435 958 1502 uidentur
980 1434 1064 1503 es'se:

211 1641 295 1700 Nono
313 1640 381 1699 iilud
403 1642 454 1712 est,
476 1657 546 1713 cum,
568 1639 592 1699 si
613 1637 705 1698 bmnia
725 1654 821 1698 omnes
843 1639 894 1698 saia
914 1638 1032 1700 consilia
1052 1638 1198 1700 conferant

213 1735 305 1808 Atque
325 1735 391 1793 hoio
411 1734 483 1793 malo
504 1732 622 1792 saltitem
644 1734 791 1806 quaerant,
813 1732 901 1792 adnili
921 1732 993 1792 nihii
1013 1732 1152 1808 odierant,

210 1829 287 1900 Quod
309 1829 431 1903 mihique
452 1843 570 1902 erasque
593 1827 725 1900 filiasque
746 1827 808 1886 erili
829 1829 881 1886 ost.
907 1843 958 1887 vae
978 1827 1079 1887 miserti
1100 1826 1182 1887 mihil

213 1923 266 1984 Tot
286 1922 330 1982 rds
351 1923 467 1996 repente
488 1921 710 1994 circumvallent,
731 1920 806 1979 dnde
826 1921 931 1997 emergi
952 1921 1006 1982 ndo
1027 1923 1135 1996 potest:

155 2021 171 2074 5
296 2016 356 2090 Vis,
375 2019 497 2090 egestas,
518 2014 667 2087 iniustitia,
688 2012 819 2084 solitudo,
840 2013 967 2074 infamia.

295 2108 403 2169 Hdoino
423 2108 558 2168 saeclum!
580 2126 594 2169 o
616 2107 735 2182 sedlera,
756 2124 891 2183 ogansra
911 2107 1058 2185 sterilega,
1080 2127 1095 2169 o
1115 2109 1255 2174 hominem

1029 2200 1155 2277 impium,

212 2295 224 2362 ΙΙ
241 2297 286 2357 hia
306 2298 446 2368 miseram,
468 2295 632 2370 quiddamst
652 2294 724 2370 quod
746 2295 788 2356 sic
809 2295 889 2356 video
909 2295 1037 2355 timidum
1058 2299 1086 2355 st
1106 2312 1258 2372 properan-

674 2385 676 2391 ‘
963 2389 1019 2450 tim
1039 2390 1158 2450 Getam?

212 2481 224 2547 ii
241 2482 327 2553 Quom
349 2480 439 2557 usque
461 2482 530 2541 iidss
546 2497 636 2555 neque
653 2482 696 2540 ide
711 2482 858 2542 iurandum
876 2480 965 2555 nique
978 2481 1055 2541 illurn
1067 2481 1259 2543 misericordia

209 2574 357 2649 Raprdssit
377 2590 467 2648 neque
489 2574 607 2649 reiidxit,
628 2592 719 2649 neque
741 2576 814 2649 qood
835 2575 933 2648 partus
953 2575 1081 2636 instabit
1101 2593 1196 2650 prope,

134 2675 169 2728 10
210 2668 259 2726 dui
280 2669 396 2728 miserae
417 2667 532 2742 indigne
553 2667 679 2741 pervim
702 2668 800 2726 vitium
821 2666 970 2742 optdlerat.
984 2667 995 2735 ΙΙ
1007 2670 1070 2729 Non
1091 2668 1227 2745 intellego

211 2763 285 2820 Satis
305 2778 376 2835 quac
397 2762 529 2835 loquitor.
542 2759 554 2827 11
565 2759 685 2834 Propius
704 2763 819 2821 obsecro
839 2761 1017 2834 decedamus,
1038 2763 1172 2827 Sostrata.
1186 2766 1198 2833 ΙΙ
1211 2767 1255 2826 hh

209 2858 254 2916 hie
275 2857 414 2928 misorum,
436 2857 483 2915 vir
504 2874 565 2916 som
586 2854 698 2930 cdmpos
721 2856 816 2928 animi,
837 2857 877 2917 ita
897 2857 981 2919 ardeo
1002 2859 1157 2920 iracundia.

210 2950 290 3009 Nihil
311 2948 355 3009 osa
368 2950 441 3022 qnod
457 2950 551 3009 malim
566 2966 648 3024 quam
663 2949 740 3009 illam
753 2951 840 3010 totam
856 2951 992 3012 itmiiiam
1007 2954 1068 3013 dari
1081 2953 1119 3013 mi
1134 2953 1255 3026 obviam,

209 3045 248 3104 Ut
268 3059 320 3118 ego
341 3042 414 3103 hino
434 3041 503 3103 iram
525 3043 553 3102 in
575 3060 622 3104 eos
643 3043 768 3104 evomam
788 3062 911 3120 omnem,
933 3047 997 3106 dnm
1018 3047 1165 3124 aegritudo
1186 3049 1257 3109 haoo

983 3141 1027 3202 cst
1046 3157 1154 3202 recens.

134 3237 168 3291 15
210 3232 285 3292 Satis
306 3231 376 3293 mihi
396 3231 425 3290 id
447 3231 565 3291 habeam
587 3232 724 3308 supplici,
746 3235 812 3294 dum
832 3234 896 3295 illis
917 3235 1036 3297 ulciscar
1057 3236 1143 3309 (meo)
1164 3237 1252 3297 modo.

209 3327 276 3387 Seni
296 3327 417 3388 trimam
432 3326 551 3401 primum
566 3329 757 3403 extinguerem
777 3329 842 3405 ipsi,
858 3329 906 3402 qui
921 3329 990 3388 illud
1005 3330 1137 3405 produxit
1150 3329 1257 3390 scelus:

209 3423 278 3482 Tum
290 3421 384 3482 entim
396 3422 496 3495 Syrum
509 3419 702 3495 impulsorem,
713 3423 776 3493 vah,
788 3423 890 3496 quihus
901 3422 979 3483 illum
991 3423 1142 3483 lacerarem
1153 3424 1256 3484 modist

209 3517 360 3577 Sublimem
377 3515 496 3575 medium
513 3515 631 3589 primum
649 3514 801 3589 arriperem
818 3518 847 3576 ot
864 3517 958 3592 capite
969 3515 997 3575 in
1010 3517 1256 3591 terrastttusrsm,

501 3610 540 3669 Ut
560 3608 674 3670 cerebro
696 3609 843 3686 dispergit
862 3611 945 3671 viam.
1060 3629 1065 3640 ·

132 3711 168 3764 20
263 3701 456 3764 ‘Adolescenti
471 3702 527 3778 ipsi
541 3701 677 3776 driperom
688 3704 792 3778 oculos,
803 3705 949 3780 posthaec
960 3704 1141 3781 praecipitem
1152 3706 1255 3767 darem.

265 3796 377 3858 diteros
397 3815 514 3870 ruerem,
536 3796 656 3872 egerem,
681 3814 817 3872 raperem,
832 3798 978 3858 tdnderom
999 3801 1029 3859 ot
1041 3798 1255 3874 prosternerem.

130 3977 250 4046 Versus
272 3979 309 4044 15
332 3979 497 4060 claudicat,
521 4000 591 4048 cum
615 3979 773 4063 semipede
794 3979 920 4047 brevior
941 3981 991 4059 sit,
1015 3998 1107 4061 qnam
1130 3978 1256 4045 iambici

129 4081 282 4151 octonarii
304 4083 414 4147 modus
438 4089 495 4164 est,
519 4085 578 4152 nisi
601 4083 683 4152 forte
706 4082 847 4152 illicitum
866 4083 986 4150 hiatum
1003 4079 1076 4145 dam
1088 4081 1184 4155 lilios
1199 4081 1257 4146 Te·

128 4185 230 4254 rentio
256 4185 462 4253 obtrudimus.
517 4186 650 4255 Bothius
679 4209 744 4250 meo
775 4191 849 4253 ante
877 4182 967 4250 modo
995 4184 1145 4267 inseruit,
1173 4203 1254 4268 quae
