3074 4886
731 346 933 442 A...

271 549 376 616 unatis
387 549 531 616 versibus
547 570 585 616 ea
599 552 704 629 rerba,
720 569 801 633 quae
816 552 878 616 alia
890 570 965 618 voce
980 552 1020 618 ab
1034 551 1187 617 histrione
1202 552 1397 634 pronuntiari

272 656 405 733 volebat,
421 656 516 720 etiam
531 656 600 719 aliis
616 653 760 720 versibus
776 653 953 720 distinxerit
967 653 1019 738 (ef.
1032 655 1128 719 Andr.
1140 653 1197 719 Ill.
1211 654 1240 719 2.
1260 654 1396 733 17-18,

272 758 369 822 Andr.
383 757 438 822 IV.
463 759 491 820 1.
505 757 655 836 39-40,
678 758 759 822 Eun.
773 757 811 821 ll.
827 756 857 820 3.
872 757 1008 831 30-31,
1031 758 1111 822 Eun.
1125 758 1179 822 IV.
1203 759 1232 821 6.
1247 756 1397 838 15—16),

271 879 334 926 non
363 867 425 939 est,
454 860 538 940 quod
569 859 624 924 hos
652 860 792 924 senarios
822 858 953 924 variatis
975 860 1118 924 versibus
1147 860 1397 926 adnumeremus.

130 1013 135 1024 .
209 1037 211 1042 .
272 963 359 1040 Quae
382 980 452 1027 cum
475 962 520 1027 ita
542 963 619 1039 sint,
650 961 811 1044 probabile
833 961 958 1026 videtur
979 961 1116 1028 variatos
1131 973 1241 1028 versus
1264 979 1344 1028 vers.
1358 963 1394 1024 ll

270 1063 362 1143 finiri,
385 1068 456 1145 post
478 1082 571 1146 quem
593 1063 718 1128 iambici
741 1062 893 1129 octonarii
915 1063 1089 1128 continuari
1111 1064 1279 1145 incipiunt:
1301 1071 1398 1144 atque

271 1185 340 1231 cum
363 1171 434 1246 post
457 1165 588 1230 eundern
605 1184 728 1230 versum
752 1164 884 1230 actionia
907 1183 1032 1248 quoque
1054 1183 1136 1246 pars,
1159 1167 1398 1248 quantulacum·
1495 1169 1498 1176 ’

270 1285 332 1348 que
361 1276 422 1341 est,
452 1266 589 1345 finiatur,
620 1268 685 1331 veri
715 1261 906 1332 simillimum
935 1274 984 1331 est
1010 1268 1147 1332 variatos
1177 1285 1286 1333 versus
1314 1268 1399 1332 ultra

271 1389 351 1434 vers.
366 1371 402 1432 ll
429 1388 448 1433 a
470 1374 563 1448 poeta
585 1368 753 1448 productos
776 1387 837 1433 non
861 1386 940 1433 esse.

354 1471 391 1535 In
415 1472 558 1538 Eunuchi
589 1489 702 1536 scaeua
724 1469 783 1535 III.
802 1470 821 1534 5
845 1469 995 1536 trochaici
1023 1471 1194 1549 septenarii
1217 1476 1250 1536 et
1271 1470 1398 1537 iambici

272 1574 442 1654 septenarii
472 1581 504 1640 et
534 1574 657 1640 iambici
685 1570 835 1638 octonarii
865 1574 905 1637 ab
928 1571 1016 1637 initio
1039 1572 1079 1636 ad
1102 1590 1180 1636 vers.
1195 1572 1234 1634 13
1257 1571 1341 1637 iuter
1363 1589 1397 1636 se

273 1677 449 1740 variantur:
482 1676 593 1741 deinde
619 1675 743 1739 iambici
767 1675 916 1740 octonarii
940 1675 979 1738 ad
1003 1691 1084 1738 vers.
1100 1673 1158 1753 43,
1187 1680 1254 1738 tum
1276 1675 1399 1740 iambici

272 1779 442 1858 septenarii
476 1779 516 1842 ad
547 1796 625 1842 vers.
644 1778 684 1840 66
718 1776 950 1842 continuantur.
995 1775 1200 1856 Conradtius,
1233 1796 1272 1842 ne
1305 1777 1398 1842 tertia

272 1899 347 1961 pars
370 1882 491 1946 cantico
514 1881 647 1958 deesset,
664 1879 800 1944 variatos
816 1896 924 1944 versus
939 1879 980 1942 ad
997 1897 1077 1944 vers.
1092 1879 1142 1956 27,
1164 1879 1217 1960 qui
1237 1879 1269 1942 in
1288 1877 1398 1944 mediis

271 1982 414 2047 iambicis
436 1983 605 2048 octonariis
628 1980 752 2062 legitur,
782 1982 998 2062 perducendos
1029 1999 1097 2047 esse
1127 1987 1242 2056 censet.
1287 1979 1348 2046 Sed
1370 1979 1398 2044 si

272 2086 433 2150 metricam
467 2083 720 2164 compositionem
754 2081 1011 2164 contemplamur,
1041 2084 1152 2148 variati
1182 2101 1293 2149 versus
1327 2087 1398 2166 post

272 2205 396 2252 versum
422 2188 470 2266 13,
495 2188 547 2252 ubi
569 2187 694 2252 iambici
717 2187 867 2252 octonarii
890 2188 1064 2264 ordiuntur,
1095 2185 1122 2250 si
1153 2186 1307 2252 actionem
1331 2203 1398 2266 pro

273 2289 466 2371 gredientem
493 2288 692 2369 respicimus,
721 2296 941 2355 anteversum
965 2291 994 2367 9,
1017 2290 1072 2354 ubi
1094 2290 1133 2354 ad
1156 2288 1248 2354 aliam
1276 2293 1397 2370 partem

274 2392 404 2456 actionis
427 2393 588 2467 transitur,
612 2390 737 2456 finiendi
753 2411 822 2458 esse
843 2392 932 2457 nobis
948 2391 1104 2457 videntur.
1139 2392 1271 2457 Constat
1292 2395 1397 2455 autem

273 2511 326 2558 eos
342 2511 461 2572 versus,
484 2492 598 2575 quibus
613 2494 653 2558 ad
669 2512 780 2559 novam
802 2493 934 2561 actionis
949 2501 1071 2576 partem
1093 2496 1256 2572 transitur,
1272 2491 1397 2574 saepius

272 2595 407 2678 propriis
437 2598 576 2660 numeris
604 2615 623 2660 a
650 2602 743 2678 poeta
773 2596 908 2661 inclusos
939 2615 1017 2662 esse.
1062 2597 1166 2674 Quare
1193 2595 1398 2678 probabiliter

274 2717 383 2763 versus
406 2699 437 2764 in
461 2699 519 2765 hac
542 2717 655 2766 scaena
676 2701 721 2763 ita
743 2699 976 2777 distribuamus,
1000 2707 1036 2764 ut
1057 2718 1166 2764 versus
1192 2698 1273 2762 1-8
1295 2696 1394 2763 varia·

272 2806 331 2879 toa,
354 2801 458 2865 9-13
481 2801 513 2866 in
536 2801 673 2866 transitu
694 2802 827 2882 positos,
855 2809 910 2884 qui
932 2807 1003 2883 post
1027 2802 1066 2864 13
1090 2809 1273 2883 sequuntur,
1297 2799 1395 2865 conti·

272 2908 386 2967 nuatos
408 2921 478 2968 esse
500 2903 647 2967 dicamus.
681 2903 799 2967 Eadem
823 2903 943 2969 ratione
965 2903 1057 2968 etiam
1078 2904 1109 2968 in
1126 2901 1271 2970 Eunuchi
1285 2919 1397 2968 scaena

271 3005 342 3070 lla
365 3024 474 3070 versus
499 3006 601 3067 1-12
629 3007 767 3070 interae
790 3004 916 3084 variati,
942 3003 1065 3069 13-15
1088 3004 1119 3069 in
1143 3007 1281 3070 transitu
1304 3003 1397 3070 collo·

271 3106 350 3185 cati,
373 3110 425 3188 qui
448 3107 521 3172 inde
542 3126 561 3172 a
584 3125 663 3171 vers.
678 3107 718 3168 16
740 3114 923 3186 sequuntur,
952 3107 1124 3172 continuati
1147 3106 1294 3181 videntur
1316 3125 1394 3173 esse.

356 3211 393 3273 ln
415 3209 558 3290 Hecyrae
574 3207 663 3273 lll.l
689 3227 801 3273 scaena
823 3207 975 3274 trochaici
997 3207 1149 3273 octonarii
1172 3214 1204 3274 et
1226 3208 1396 3289 septenarii

270 3329 371 3393 usque
403 3309 485 3376 inter
513 3331 547 3377 se
577 3312 617 3375 ad
645 3330 769 3375 versum
794 3311 833 3374 12
863 3311 1099 3393 permiscentur,
1130 3310 1242 3376 deinde
1270 3308 1396 3377 iambici

269 3414 419 3479 octonarii
453 3415 650 3478 adversum
681 3414 723 3477 44
757 3414 989 3492 continuantur,
1025 3417 1092 3476 tum
1126 3413 1188 3478 duo
1221 3412 1394 3495 soliloquia,

269 3499 406 3597 quorum
430 3515 496 3581 suis
529 3515 674 3596 quodque
704 3515 842 3579 numeris
873 3512 1053 3592 includitur,
1083 3514 1271 3580 adiciuntur.
1316 3513 1395 3578 Con-

269 3617 390 3682 radtius
413 3617 444 3681 in
468 3619 527 3682 hac
549 3633 661 3682 scaena
688 3617 772 3680 haud
799 3614 1047 3698 improbabiliter
1075 3616 1188 3683 cantici
1218 3617 1268 3681 sui
1288 3621 1394 3698 partes

270 3726 343 3784 ante
365 3738 490 3784 versum
511 3718 549 3782 1=3
573 3718 767 3796 terminarit,
791 3719 873 3784 unde
896 3719 1021 3785 iambici
1043 3720 1195 3786 octonarii
1217 3717 1393 3786 ordiuntur.

270 3819 332 3885 Sed
354 3821 414 3885 hoc
436 3821 503 3885 loco
526 3819 612 3884 nulla
634 3818 765 3885 actionis
788 3820 920 3886 mutatio
942 3821 1087 3886 occurrit.
1121 3819 1217 3902 Atqui
1235 3823 1266 3885 in
1284 3819 1394 3887 mediis

269 3922 411 3988 iambicis
440 3922 607 3989 octonariis
636 3927 707 4001 post
729 3940 854 3988 versum
877 3922 918 3986 33
941 3923 1023 3988 actio
1046 3928 1197 4002 mutatur,
1226 3923 1281 3989 ubi
1304 3925 1393 3990 Pam·

268 4024 372 4108 philus
395 4031 427 4090 et
448 4023 602 4090 Parmeno
624 4021 806 4106 Myrrhinae
829 4031 861 4091 et
882 4023 1086 4091 Philumenae
1116 4024 1392 4092 exclamationibus

268 4128 385 4192 auditis
408 4129 447 4192 ad
470 4138 641 4194 extremam
664 4146 807 4192 scaenam
830 4130 1062 4208 regrediuntur,
1085 4147 1148 4210 quo
1170 4127 1290 4194 facilius
1313 4147 1393 4212 quae

268 4232 300 4295 in
322 4230 470 4313 Phidippi
499 4232 590 4296 domo
619 4240 772 4311 gerantur
796 4233 925 4298 auribus
955 4229 1139 4312 percipiant.
1184 4231 1392 4309 Quamobrem
