3074 4886
681 310 719 374 61

126 525 355 601 pretamentum
377 520 417 584 ad
438 519 638 605 inpudentem
661 522 831 601 ascriptum
859 521 1069 583 removerunt.
1104 516 1199 580 Vers.
1217 516 1256 578 lo

126 633 157 698 in
181 623 288 687 Bemb.
311 623 461 688 iambicus
483 624 671 700 octonarius,
695 623 725 685 in
742 619 944 701 Calliopiaois
968 619 1058 684 libris
1077 618 1257 684 trochaicus

125 727 321 806 septenarius
351 731 408 791 est.
453 722 522 791 Hoc
548 731 652 790 autem
680 724 749 789 loco
780 741 837 788 nec
870 722 1028 788 sententia
1056 740 1113 786 nec
1135 720 1257 804 legibus

125 827 264 893 metricis
287 834 373 893 certo
396 827 545 893 constitui
567 832 680 910 potest,
704 832 776 891 uter
791 841 904 889 versus
921 823 1107 888 scribendus
1122 823 1178 887 sit:
1201 823 1257 887 ita-

127 946 189 1014 que
204 928 229 992 si
245 926 460 994 tantummodo
476 929 663 993 auctoritate
685 933 717 992 et
739 923 966 1006 probabilitate
988 942 1039 992 res
1062 923 1260 990 diiudicanda

127 1036 192 1110 est,
214 1031 356 1097 Bembini
379 1049 487 1096 versus
505 1029 759 1112 'comprobandus
782 1036 877 1109 atque
903 1027 935 1091 hi
960 1027 1022 1092 duo
1046 1026 1172 1092 ordines
1195 1031 1258 1091 tro·
1283 1061 1288 1068 ·

126 1132 371 1199 chaino-iambici
393 1133 551 1198 statuendi
574 1132 721 1198 videntur
743 1148 835 1194 esse:

402 1236 513 1301 Troch.
536 1241 616 1316 sept.
685 1234 689 1318 l
723 1230 833 1297 Troch.
858 1237 939 1313 sept.

467 1338 564 1403 lamb.
588 1345 649 1402 oct.
685 1367 688 1430 p
737 1321 739 1328 ’
791 1334 973 1428 lambroct.

211 1455 280 1522 Hae
306 1463 381 1521 sunt
403 1474 549 1534 scaenae,
577 1455 747 1538 inquibus
772 1453 921 1520 trochaici
945 1461 977 1518 et
1003 1454 1125 1518 iambici
1150 1473 1257 1520 versus

126 1559 207 1623 inter
230 1576 264 1622 se
287 1558 399 1623 variati
422 1566 504 1622 sunt.
543 1559 682 1635 Quorum
706 1576 852 1622 versuum
876 1558 906 1620 in
934 1557 1060 1621 ordines
1076 1557 1258 1623 distributio

127 1661 186 1726 etsi
214 1661 308 1725 certis
338 1657 456 1740 regulis
486 1659 703 1739 comprehendi
734 1665 853 1740 potest,
885 1665 991 1724 tamen
1015 1660 1047 1723 in
1071 1659 1257 1740 quibusdam

126 1763 254 1845 canticis
277 1762 372 1827 dubia
393 1768 426 1826 et
446 1761 597 1844 impedita
620 1761 735 1826 mansit
757 1779 793 1826 ae
820 1760 954 1825 lortasse
971 1779 1094 1841 semper
1111 1762 1256 1837 manebit,

126 1863 187 1929 nisi
208 1865 364 1930 Plautinis
386 1867 515 1931 canticis
536 1864 703 1946 diligenter
718 1865 856 1930 excussis
872 1865 1060 1942 accuratius,
1083 1881 1165 1943 quae
1180 1883 1249 1930 can·

125 1968 258 2038 ticorum
274 1967 314 2031 sit
331 1968 520 2048 compositio,
544 1967 788 2046 cognoverimus
827 1967 870 2032 Ut
885 1985 967 2032 nunc
982 1966 1106 2046 quidem
1125 1967 1256 2032 scientia

126 2073 234 2133 nostra
262 2070 292 2132 in
322 2069 370 2133 his
394 2069 488 2134 rebus
511 2066 649 2133 metricis
672 2075 854 2150 comparata
877 2075 940 2148 est,
970 2069 1033 2134 duo
1056 2066 1253 2150 potissimum

125 2171 157 2235 in
190 2170 321 2236 canticis
350 2171 539 2251 explicandis
570 2175 602 2235 et
630 2170 802 2235 enodandis
831 2171 967 2236 tenenda
997 2175 1086 2234 sunt:
1119 2172 1253 2249 primum

125 2275 217 2339 anxie
246 2273 415 2338 verendum
438 2279 503 2351 est,
533 2293 572 2338 ne
596 2272 667 2355 qnis
692 2277 809 2338 temere
834 2291 957 2337 versum
981 2274 1062 2337 inter
1085 2259 1177 2352 pares
1200 2273 1252 2336 im-

126 2392 232 2457 parem
257 2376 367 2454 deleat,
391 2375 504 2441 deinde
527 2384 672 2442 accurate
695 2377 726 2440 id
750 2378 905 2457 agendum
927 2382 983 2455 est,
1008 2382 1044 2440 ut
1059 2392 1177 2452 versus,
1202 2373 1256 2457 qui

127 2477 239 2561 cuique
265 2496 410 2542 versuum
439 2481 545 2561 generi
574 2478 646 2543 addi
677 2483 709 2542 et
730 2478 927 2558 interpositis
950 2477 1138 2558 quibusdam
1160 2478 1255 2542 inter·

127 2578 217 2644 vallis
240 2579 342 2645 redire
365 2579 476 2660 solent,
499 2589 739 2661 cognoscantur.

589 2701 791 2710 m-

212 2766 444 2831 Attendendum
475 2766 610 2850 denique
640 2777 688 2844 est
717 2770 751 2833 in
778 2770 884 2849 paucis
912 2768 1034 2834 scaenis
1059 2772 1117 2834 etsi
1142 2776 1256 2836 natura
1331 2795 1335 2804 ·

127 2870 316 2934 variatarum
347 2888 493 2935 versuum
525 2877 673 2952 apparet,
704 2879 808 2937 tamen
832 2891 940 2938 versus
964 2891 1093 2955 perraro
1117 2871 1254 2938 variatos

126 2989 204 3038 esse.
239 2971 275 3034 ln
299 2971 492 3036 Phormionis
508 2970 547 3035 Π.
566 2975 580 3036 l
607 2991 719 3039 scaena
742 2974 897 3041 canticum
915 2995 933 3039 a
948 2977 1072 3043 duobus
1089 2977 1255 3042 trochaicis

126 3072 312 3157 septenariis
336 3075 451 3156 incipit,
475 3095 554 3158 quos
577 3076 701 3142 iambici
722 3079 989 3159 octonariiasque
1006 3080 1046 3144 ad
1062 3098 1188 3144 versum
1204 3079 1254 3159 21,

126 3195 188 3260 quo
217 3177 372 3242 canticum
396 3176 517 3259 linitur,
546 3180 719 3245 continuati
743 3185 928 3260 sequuntur.
974 3181 1114 3260 Quacum
1139 3180 1253 3246 cantici

126 3277 210 3345 loma
231 3282 335 3346 nescio
358 3298 397 3344 an
421 3288 493 3362 apte
517 3282 650 3348 conlerri
674 3282 776 3362 possit
798 3284 877 3347 Eun.
897 3283 969 3348 V.8
991 3302 1112 3362 scaena,
1137 3283 1168 3347 in
1193 3302 1254 3365 quo

126 3382 246 3447 cantico
268 3387 395 3465 praeter
416 3383 550 3464 primum
574 3403 709 3463 versum,
734 3386 925 3450 trochaicum
941 3387 1164 3466 septenarium,
1187 3393 1252 3451 tan·

126 3483 284 3548 tommodo
307 3482 432 3550 iambici
455 3486 610 3551 octonarii
633 3487 748 3552 insunt.
786 3489 894 3570 Neque
917 3491 1018 3554 minus
1043 3489 1254 3571 Adelphorum

125 3583 204 3647 11.2
232 3601 345 3650 scaena
367 3587 427 3652 hue
449 3587 614 3654 referenda
636 3591 760 3654 videtur
784 3609 867 3664 esse,
891 3589 1009 3674 inqua
1032 3592 1166 3673 primum
1190 3611 1255 3656 ver-

125 3705 205 3766 sum,
228 3687 393 3753 iambicum
417 3692 646 3771 septenarium,
676 3693 848 3757 continuati
870 3693 1006 3758 iambicii
1028 3693 1181 3761 octonarii
1204 3714 1253 3760 ex·

126 3791 253 3872 cipiunt.
292 3791 328 3855 In
352 3792 489 3857 Andriae
516 3791 651 3875 denique
669 3795 742 3858 V.5
765 3813 878 3861 scaena
901 3795 1098 3861 Hermannus
1122 3817 1139 3862 e
1161 3797 1254 3865 libro.

126 3912 195 3958 rum
218 3893 374 3974 scriptura
398 3894 568 3975 depravata
590 3902 675 3961 recte
698 3897 822 3963 videtur
844 3899 1025 3978 cognovisse
1049 3901 1109 3966 dno
1132 3901 1252 3984 priores

124 4012 236 4062 versus
258 3996 405 4060 iambicos
431 3999 606 4065 octonarios
630 4017 707 4078 esse,
732 4019 810 4083 quos
834 4002 905 4066 inde
920 4021 939 4066 a
953 4003 1080 4068 versn3
1101 4004 1250 4070 trochaici

125 4099 294 4182 septenarii
318 4104 493 4181 sequuntur
516 4100 553 4166 cl.
570 4099 677 4168 Herm.
694 4100 732 4166 el.
749 4103 848 4168 doctr.
867 4110 955 4168 metr.
971 4122 1021 4186 pg.
1040 4105 1116 4183 176,
1144 4105 1252 4188 Haupt

126 4218 197 4287 opp.
216 4199 273 4266 Ill.
290 4221 339 4284 pg.
358 4202 430 4267 520.
