3074 4886
825 368 865 431 62

739 458 941 468 ...μω-

733 691 845 792 cap.
874 694 951 777 Vl.

365 881 469 962 Atque
490 880 569 948 baec
591 882 715 963 quidem
738 885 778 950 de
800 884 937 962 canticis,
959 901 1041 967 quae
1063 903 1101 948 ex
1123 879 1265 946 iambicis
1288 887 1320 948 et
1341 887 1403 947 tro

280 981 395 1048 chalcis
422 983 564 1049 versibus
592 990 745 1050 constant.
790 986 894 1064 Nunc,
924 991 960 1051 ut
982 983 1177 1068 propositum
1200 987 1285 1062 erat,
1314 984 1346 1048 in
1367 1003 1403 1049 ea

279 1085 401 1151 cantica
429 1085 641 1168 inquiramus,
670 1107 750 1170 quae
778 1088 951 1155 bacchiaeis
979 1093 1012 1154 et
1038 1088 1160 1155 creticis
1190 1086 1334 1152 versibus
1359 1087 1404 1151 in·

280 1185 367 1254 clusa
396 1192 485 1252 sunt:
513 1189 567 1269 qui
596 1208 665 1255 cum
695 1191 724 1254 in
754 1190 876 1257 duabus
899 1191 1114 1256 tantummodo
1137 1189 1257 1254 scaenis
1281 1187 1402 1254 obviam
1520 1215 1521 1238 κ

279 1285 371 1366 fiant,
401 1308 462 1355 non
492 1295 540 1356 cst
566 1291 694 1372 mirum,
725 1293 809 1376 quod
832 1293 979 1359 indicium
1001 1291 1034 1358 in
1057 1311 1163 1359 eornm
1186 1292 1401 1358 consecutione

279 1389 461 1471 explicanda
483 1392 616 1458 vacillat.
744 1451 747 1454 ,

364 1493 399 1557 ln
424 1493 562 1559 Andriae
574 1493 667 1558 flua
697 1515 809 1562 scaena
832 1497 946 1564 Lesbia
975 1497 1128 1563 obstetrix
1155 1498 1222 1563 sola
1248 1496 1399 1579 loquitur:

278 1611 359 1675 quae
387 1596 441 1661 ubi
471 1597 510 1663 de
532 1617 645 1664 scaena
667 1600 816 1680 excessit,
847 1600 972 1666 iambici
994 1601 1146 1668 octonarii
1167 1600 1401 1666 continuantur:

354 1748 464 1824 Adhuc,
484 1751 630 1827 Archylis,
651 1770 722 1827 quaa
743 1754 871 1814 adsolent
891 1771 1017 1830 quaeque
1038 1754 1148 1831 epictet

355 1842 443 1918 Signa
464 1844 525 1904 osso
545 1846 580 1905 ad
602 1847 730 1922 salutem,
751 1849 844 1909 omnia
864 1850 931 1910 boio
950 1866 1013 1910 osse
1034 1851 1123 1910 video.

356 1936 441 1997 Nunc
460 1939 580 2015 primum
603 1939 647 2000 iao
667 1942 725 2002 ista
746 1946 778 2002 nt
796 1943 884 2003 lavit:
905 1947 986 2020 poste
1006 1944 1115 2016 deindo,

354 2031 433 2101 ouon
454 2030 524 2090 ioasi
545 2033 572 2092 ei
594 2034 654 2092 aaa
674 2036 771 2096 ornere
791 2020 820 2096 el
840 2037 975 2112 quonum
996 2037 1141 2112 imperavi,

299 2130 314 2182 ὅ
623 2129 710 2188 Data:
732 2129 795 2189 mor
816 2147 868 2204 ago
888 2131 943 2189 huc
963 2130 1096 2191 revertor.

354 2219 409 2277 Per
428 2221 537 2281 actstor
557 2221 646 2282 scitus
666 2223 735 2297 prior
755 2226 799 2281 ast
818 2225 901 2281 natus
922 2222 1080 2296 Ptmphllo.
1322 2289 1327 2300 ¹

430 2316 505 2376 Deos
527 2316 630 2391 quatso
652 2319 683 2375 nt
704 2318 742 2376 sit
761 2316 912 2392 suparstcs,
934 2316 1157 2391 quandoquidem
1179 2317 1270 2390 ipsust
1288 2315 1403 2392 ingenio

1255 2429 1272 2468 n

432 2509 554 2582 Cumque
569 2508 636 2567 hnic
650 2509 694 2566 ost
705 2507 810 2566 veritus
824 2505 953 2582 optumae
964 2505 1138 2566 adolescanti
1152 2413 1402 2566 caecissimum.

277 2653 314 2718 In
344 2671 435 2719 versu
458 2654 477 2717 3
504 2663 594 2738 poste
623 2671 692 2718 cum
716 2650 917 2716 Fleckeiseno
947 2650 1144 2716 scribendum
1173 2651 1297 2716 videtur
1323 2667 1403 2722 esse,

277 2774 346 2820 cum
371 2752 484 2817 deinde
505 2753 538 2818 in
554 2753 751 2820 Terentianis
773 2752 897 2829 fabalia,
920 2752 1107 2834 ubicumque
1130 2753 1254 2834 legitur,
1280 2769 1404 2831 semper

277 2856 308 2946 in
332 2858 411 2922 duas
433 2855 568 2938 syllabas
592 2861 785 2921 contractum
802 2856 851 2918 sit.
873 2849 922 2920 'ln
938 2872 1032 2919 versu
1048 2854 1067 2918 8
1083 2853 1154 2920 libri
1170 2855 1205 2918 B.
1219 2851 1252 2918 0.
1266 2855 1303 2918 E.
1316 2853 1354 2918 G.
1365 2849 1403 2914 P.

277 2960 408 3024 tradunt
437 2959 557 3021 neritus
586 2967 646 3033 cst,
675 2957 727 3022 lib.
752 2958 806 3020 D.:
834 2959 953 3021 veritus
981 2957 1143 3020 coecatus.
1179 2957 1214 3023 si
1236 2958 1402 3022 verborum

276 3079 471 3146 collocationi
493 3081 524 3145 m
547 3076 635 3143 libris
659 3077 694 3140 n.
707 3077 741 3141 o.
754 3078 791 3142 u.
804 3077 841 3141 a.
853 3074 888 3140 P.
911 3078 989 3144 fiaes
1011 3045 1252 3159 moe—Halesi,
1273 3078 1324 3142 mc
1338 3082 1404 3141 tro-

240 3277 243 3284 .
277 3182 402 3248 chalcus
424 3181 620 3262 septenarius
643 3181 827 3246 scribendus
850 3187 912 3245 est:

354 3315 477 3390 cumque
498 3315 563 3394 huic
584 3314 705 3374 rcritust
724 3315 856 3388 optumae
877 3314 1050 3376 adulasctnti
1070 3317 1163 3377 iacere
1182 3316 1322 3376 iniuriam.

277 3461 332 3528 Sin
353 3461 386 3526 in
402 3462 430 3526 Ι)
451 3463 530 3529 libro
551 3467 656 3527 rectae
671 3462 836 3527 verborum
853 3463 1061 3529 collocationis
1077 3465 1242 3546 vestigium
1258 3464 1401 3530 relictum

276 3570 334 3642 est,
357 3565 512 3630 editorum
535 3564 585 3629 bic
607 3565 758 3630 iambicus
780 3567 958 3631 octonarius
981 3567 1229 3648 comprobandus
1253 3571 1310 3632 est.

355 3708 480 3783 Cumque
501 3709 567 3768 bulo
588 3710 758 3769 ostracites
779 3709 909 3783 optumae
929 3709 1103 3770 adolescanti
1124 3710 1215 3771 lacere
1235 3710 1376 3770 iniuriam.

277 3852 517 3920 concemmum
534 3860 639 3919 autem
656 3860 704 3920 est
718 3855 749 3918 in
765 3857 833 3937 ipsa
844 3857 1009 3922 verborum
1023 3855 1225 3923 collocatione
1236 3856 1401 3938 calliopio·

277 3974 388 4021 norum
403 3956 496 4021 fidem
512 3956 601 4021 valde
617 3955 771 4020 infirmam
787 3974 864 4019 esse.
887 3954 1001 4038 Itaque
1017 3977 1053 4022 ex
1069 3959 1135 4023 sola
1150 3957 1263 4024 cantici
1281 3976 1401 4038 compo-

276 4058 389 4126 sitione
412 4061 617 4142 eolligendum
640 4065 698 4135 est,
719 4065 792 4123 uter
813 4077 922 4125 versus
944 4060 1002 4126 hoc
1025 4061 1092 4126 loco
1115 4061 1299 4126 scribendus
1322 4059 1373 4124 sit.

362 4162 410 4227 Ex
436 4165 592 4229 sententia
620 4168 725 4230 autem
754 4165 786 4226 at
814 4181 851 4226 ex
880 4169 980 4228 metro
1007 4169 1154 4245 apparet,
1185 4163 1264 4228 duas
1287 4165 1319 4229 in
1341 4164 1400 4229 hoc

277 4265 396 4333 cantico
418 4270 524 4348 partes
546 4266 782 4350 distinguendas
806 4283 887 4330 esse:
910 4267 998 4347 prior
1018 4286 1091 4349 pars
1113 4267 1279 4334 bacchiaca
1302 4269 1401 4350 perci·
