3074 4886
690 281 731 346 59

145 485 229 550 hunc
257 500 382 566 quoque
409 483 549 550 ordinem
576 486 770 557 trochaicum
797 485 965 553 claudere?
993 485 1127 553 Difficile
1150 492 1198 553 est
1233 487 1272 553 de

145 588 203 651 hac
226 587 408 669 quaestione
430 591 516 651 certo
538 586 692 652 iudicare:
716 589 770 652 sed
787 607 856 654 cum
873 591 1029 654 sententia
1043 588 1138 653 huius
1153 589 1271 655 ordinis

145 686 250 770 paullo
277 689 381 769 aptius
410 707 505 754 uersu
528 689 569 753 20
597 706 691 769 quarn
714 691 753 752 17
777 690 958 770 claudatur,
986 693 1080 757 etiam
1103 694 1180 756 ordo
1203 692 1272 775 ipse

144 788 249 872 paullo
271 790 464 872 probabilius
485 809 578 856 versu
601 790 642 854 20
664 810 758 873 quam
787 793 821 854 17
844 791 928 857 finiri
951 793 1084 858 videtur.

232 890 399 972 Reliquum
422 897 478 966 est,
502 897 537 955 ut
559 891 590 956 in
605 887 730 956 Phorm.
744 891 831 956 [lna
854 911 969 957 scaena
983 911 1129 958 versuum
1145 892 1272 959 ordines

145 994 344 1075 explicemus.
378 991 533 1058 Phaedria
554 993 736 1058 adulescens
760 999 791 1058 et
814 993 910 1060 Dorio
933 996 1002 1060 leno
1024 994 1057 1058 in
1080 1012 1194 1058 scaena
1216 994 1272 1058 ad·

146 1102 233 1161 sunt:
255 1097 438 1162 adulescens
460 1097 565 1162 lenoni
589 1098 739 1162 acerrime
761 1097 867 1177 instat,
890 1116 929 1164 ne
952 1095 1175 1163 citharistriam
1199 1103 1272 1164 ante

144 1198 204 1265 hoc
226 1198 366 1264 triduum
388 1197 516 1264 vendat:

297 1315 395 1378 Ddriol
520 1333 521 1342 ¹
775 1371 779 1378 .

222 1411 299 1471 Audi
319 1411 445 1471 obsecro.
457 1412 546 1479 llNou
567 1411 683 1479 aridioll
700 1413 861 1488 Perdmper.
874 1411 887 1479 ΙΙ
903 1411 975 1482 Quin
997 1412 1093 1471 omitte
1115 1428 1168 1472 me.
1288 1452 1294 1458 -

296 1505 309 1573 ΙΙ
326 1505 400 1565 dddi
425 1505 498 1580 quod
524 1505 624 1566 dicam.
642 1505 654 1573 ΙΙ
670 1503 719 1564 'At
744 1505 818 1564 euim
847 1505 942 1564 taedet
966 1505 1021 1563 iam
1052 1504 1148 1564 addire
1174 1506 1269 1566 eadem

290 1608 295 1616 '
512 1600 514 1603 ’
1048 1598 1167 1658 miliens.

296 1693 308 1762 ΙΙ
317 1692 369 1754 'At
388 1712 464 1754 nunc
484 1695 575 1753 dicem
595 1692 668 1768 quod
689 1691 811 1752 libenter
831 1692 938 1752 audias.
951 1692 962 1760 ΙΙ
981 1695 1117 1768 Loquere,
1138 1693 1230 1753 aridio.

295 1789 388 1856 illitu
409 1806 480 1863 queo
501 1791 529 1847 ta
549 1786 672 1859 exorare,
693 1793 725 1846 ut
744 1804 858 1846 maneas
879 1788 999 1848 triduom
1021 1789 1094 1848 hoci
1120 1805 1175 1862 qno
1195 1789 1270 1850 udnc

506 1905 508 1908 ’
1078 1882 1168 1946 abis?

165 1989 181 2041 5
361 1980 373 2048 ll
384 1978 517 2051 Mirabar,
539 1979 564 2038 si
584 1981 614 2037 tu
636 1978 705 2037 mihi
725 1978 874 2051 quicquam
895 1976 1020 2036 adferrds
1041 1978 1114 2036 novi.

145 2111 188 2176 Ut
210 2109 353 2176 Eunuchi
370 2111 408 2175 11.
425 2109 444 2172 3
460 2128 583 2186 scaena,
606 2109 650 2172 ita
673 2109 731 2172 hoc
754 2125 878 2189 quoque
901 2107 1055 2172 canticum
1079 2105 1119 2170 ab
1143 2106 1270 2187 epipho-

144 2218 267 2277 nemate
289 2213 427 2291 orditur,
457 2213 541 2293 quod
564 2213 640 2277 ordo
663 2209 995 2276 iambico-trochaicus
1017 2211 1175 2292 sequitur:

595 2312 750 2394 Epiphon.

553 2416 651 2484 lamb.
675 2422 734 2483 oct.

617 2519 729 2584 Troch.
753 2526 831 2602 sept.

144 2641 195 2719 cui
224 2639 325 2706 ordini
353 2640 496 2705 senarius
525 2636 681 2703 clausalac
703 2638 769 2703 loco
793 2638 952 2703 subiectus
975 2645 1024 2703 est
1046 2636 1098 2720 (cf.
1115 2639 1195 2702 Eun.
1214 2638 1268 2704 IV.

144 2743 255 2826 3.16).
301 2742 420 2808 Deinde
443 2742 475 2806 hi
498 2760 608 2808 versus
630 2741 754 2823 legendi
777 2739 938 2807 videntur:

218 2894 263 2954 'ui
283 2896 375 2956 metuo
395 2893 524 2954 lenonem
542 2895 692 2968 nequid-
706 2894 785 2961 llSdo
800 2898 864 2953 suat
877 2893 984 2966 capitia
1004 2893 1078 2952 idem
1095 2908 1148 2967 ago
1160 2909 1266 2953 vereor.

307 2989 320 3057 ΙΙ
331 2988 397 3048 Nou
419 2987 508 3063 [dum]
529 2989 599 3047 mihi
614 2989 723 3049 credis?
734 2988 747 3057 ΙΙ
758 2988 915 3049 Hdriolare.
927 2989 940 3056 ll
952 2990 1002 3048 Sin
1022 2989 1106 3048 fidam
1122 2990 1176 3050 dol
1187 2989 1200 3058 ΙΙ
1212 2989 1268 3049 Fa-

1071 3083 1164 3143 bulee.

306 3177 318 3246 ΙΙ
330 3177 514 3237 Foeneratum
535 3176 609 3236 istdc
628 3177 795 3237 beneficium
816 3178 932 3252 pdlchro
952 3178 1006 3236 tibi
1027 3177 1113 3237 dices.
1127 3178 1139 3246 ΙΙ
1157 3179 1237 3253 logi.

307 3276 320 3344 ΙΙ
332 3270 418 3331 Crede
428 3270 507 3340 mihi,
519 3269 657 3346 ganddbis
673 3269 755 3330 facto.
777 3270 872 3330 verum
883 3270 978 3330 hercle
989 3273 1043 3332 hoc
1054 3275 1105 3332 est.
1118 3272 1130 3340 ΙΙ
1142 3271 1266 3332 Somnia.

145 3374 181 3427 10
305 3363 486 3440 ll'llnperire:
508 3365 564 3424 ndu
585 3365 629 3423 est
648 3364 771 3438 longum.
784 3363 796 3432 ll
809 3363 980 3424 canlilonam
1002 3366 1119 3426 eandem
1140 3366 1227 3426 canis.

377 3461 390 3529 ll
407 3463 448 3520 Tu
475 3461 544 3520 mihi
570 3460 719 3534 cognatur,
745 3461 775 3518 td
801 3477 917 3535 parens,
944 3464 974 3520 tu
997 3460 1162 3530 amicastu
1251 3461 1264 3530 ΙΙ

457 3574 459 3578 ·
971 3556 1054 3615 Garri
1073 3554 1163 3615 modo.

141 3666 277 3732 Versum
293 3666 323 3746 6,
347 3665 539 3732 octonarium
562 3666 764 3747 trochaicum,
787 3685 894 3733 omnes
917 3667 1055 3732 editores
1077 3665 1214 3732 aversati
1238 3667 1267 3730 oi

141 3767 359 3836 coniunctione
386 3770 582 3835 antecedenti
611 3771 716 3834 versui
743 3769 939 3851 agglutinata
968 3771 1134 3836 iambicum
1165 3774 1264 3851 septe-

139 3873 263 3936 narium
286 3870 470 3937 effecerunt:
499 3872 586 3953 atqui
608 3870 694 3936 nulla
716 3873 746 3936 in
769 3872 829 3937 hoc
851 3873 983 3939 iambico
1006 3873 1182 3955 septenario
1205 3873 1266 3937 ele·

140 3973 252 4056 gantia
278 3991 479 4039 numerorum
507 3973 645 4054 laudari,
675 3976 761 4040 nulla
789 3976 821 4041 in
848 3975 901 4042 illo
924 3977 1081 4042 trochaico
1105 3975 1264 4041 octonario

141 4075 260 4141 duritia
273 4074 456 4158 ,vituperari
479 4081 591 4159 potest.
638 4076 741 4155 Quare
764 4079 955 4145 trochaicum
978 4081 1170 4146 octonarium
1194 4097 1263 4144 curn

23 4191 25 4194 ·
138 4176 228 4245 libris
250 4179 385 4244 retinere
400 4198 494 4262 quam
509 4181 623 4246 malum
639 4183 850 4263 septenarium
867 4201 936 4248 cum
952 4182 1126 4249 editoribus
1139 4183 1263 4249 efficere
