3074 4886
825 347 844 408 2

275 571 347 616 vera
367 551 531 616 iudicavit:
555 551 588 614 in
605 551 734 616 variatis
756 558 860 617 autem
876 550 1018 616 versibus
1039 563 1169 630 prorsus
1190 547 1300 614 falsam
1315 547 1396 612 viam

274 650 435 732 ingressus
459 671 581 717 omnem
604 655 724 718 numeri
740 651 944 718 mutationem
959 653 998 716 ad
1014 658 1078 717 tres
1093 659 1210 732 partes,
1227 649 1395 730 stropham,

274 751 517 834 antistropham,
541 754 674 833 epodum
700 751 873 830 revocavit,
900 769 978 833 quas
1000 758 1106 832 partes
1130 752 1327 817 doctissimus
1350 751 1397 816 vir

273 875 343 921 cum
373 873 465 937 saepe
488 854 759 937 periculosissimis
782 853 906 920 artibus
929 853 1075 930 effecerit,
1099 855 1228 932 abipso
1251 853 1395 918 Terentio

274 958 435 1022 institutas
464 977 532 1023 esse
562 957 637 1020 mihi
665 976 727 1022 uon
753 958 920 1039 persuasit.
965 957 1075 1037 Itaque
1106 973 1162 1020 nos
1188 954 1221 1019 in
1244 973 1281 1020 ea
1303 971 1395 1034 quam

275 1060 406 1124 Bomins
435 1060 621 1124 monstravit
642 1059 693 1124 via
718 1060 843 1141 longius
871 1060 1028 1141 progressi
1049 1059 1082 1122 in
1105 1057 1231 1122 variatis
1254 1057 1397 1122 versibus

273 1179 354 1241 quae
377 1162 497 1226 numeri
520 1170 624 1227 essent
647 1163 834 1226 mutationes
854 1178 973 1241 quaeve
985 1177 1131 1225 versuum
1155 1159 1397 1230 consecutiones,

273 1271 309 1329 ut
323 1284 379 1346 per
395 1265 476 1330 vires
499 1273 623 1330 nostras
645 1265 864 1330 inexercitatae
880 1263 1021 1341 licuerat,
1037 1262 1187 1343 indagare
1209 1261 1395 1326 studuimus.

360 1366 421 1432 Sed
445 1367 625 1449 priusquam
655 1369 694 1431 ad
717 1367 815 1448 ipsam
846 1386 911 1432 rem
939 1364 1167 1446 aggrediamur,
1196 1364 1276 1430 duae
1303 1383 1397 1448 qnae-

274 1469 407 1546 stiones,
438 1469 470 1534 in
501 1471 614 1552 quibus
647 1470 737 1552 quasi
770 1469 972 1535 fundamenta
1001 1468 1098 1549 ipsius
1129 1469 1175 1534 rei
1204 1470 1286 1532 iaota
1313 1471 1396 1544 sunt,

274 1573 522 1652 praemittendae
537 1573 684 1636 videntur
701 1591 779 1650 esse,
802 1571 902 1636 altera
923 1589 986 1652 qua
1004 1590 1060 1636 eae
1082 1571 1258 1636 fabularum
1280 1575 1395 1652 partes,

275 1692 352 1755 quas
367 1675 503 1738 variatos
520 1690 628 1739 versus
651 1675 854 1750 nominamus,
880 1671 1078 1752 definiantur,
1102 1672 1283 1751 alteraque
1304 1672 1394 1736 libro·

274 1794 342 1840 rum
360 1776 392 1840 in
408 1777 550 1841 versibus
573 1774 802 1857 distinguendis
823 1773 901 1840 fides
924 1780 956 1840 et
971 1775 1142 1840 auctoritas
1165 1775 1393 1840 examinentur.

750 2113 861 2212 Cap.
891 2117 924 2193 I.
972 2185 973 2190 Ν

360 2299 492 2366 Veteres
515 2302 711 2382 grammatici
732 2301 765 2367 in
788 2300 956 2368 comoediis
979 2302 1040 2366 duo
1056 2301 1196 2366 membra
1210 2300 1314 2381 posita
1329 2318 1397 2365 esse

275 2401 412 2480 tradunt,
437 2405 560 2468 cantica
583 2408 615 2468 et
638 2403 791 2470 diverbia:
823 2403 923 2469 Diom.
946 2422 995 2483 pg.
1012 2404 1071 2467 491
1087 2403 1126 2482 Κ,
1150 2402 1221 2466 Ruf.
1245 2403 1283 2467 de
1306 2408 1395 2468 metr.

274 2497 343 2569 Ter.
359 2523 410 2585 pg.
430 2504 492 2568 557
500 2505 538 2583 K,
563 2505 604 2568 M.
616 2505 695 2570 Viet.
712 2524 761 2586 pg.
777 2506 816 2570 79
829 2506 868 2580 Κ,
891 2504 970 2572 Don.
992 2505 1026 2569 in
1049 2504 1156 2588 pracli.
1175 2506 1280 2584 Andr,
1301 2505 1394 2584 lino,

275 2602 412 2684 Phorm,
435 2603 526 2683 Hoc,
556 2607 741 2686 quibuscum
769 2609 924 2673 consentit
946 2607 1055 2674 Livius
1071 2607 1141 2673 Vll.
1165 2609 1195 2671 2.
1239 2606 1343 2691 Atque
1364 2609 1395 2672 in

275 2707 380 2772 Plauti
407 2707 497 2774 libris
520 2706 585 2774 Pal.
615 2711 737 2775 cantica
766 2709 874 2775 littera
894 2709 932 2790 G,
961 2710 1100 2776 diverbia
1127 2711 1240 2776 litteris
1264 2707 1321 2774 DV
1343 2709 1396 2774 ali·

273 2809 398 2890 quoties
427 2809 651 2891 significantur,
683 2831 762 2894 quas
784 2811 906 2879 litteras
930 2812 1118 2880 Ritscheiius
1141 2813 1307 2894 diligenter
1328 2832 1397 2895 per·

274 2918 400 2978 secutus
434 2931 486 2977 eas
518 2911 694 2978 fabularum
723 2920 845 2995 partes,
875 2932 956 2996 quae
986 2916 1118 2981 senariis
1146 2915 1284 2981 inclusae
1312 2919 1395 2993 sunt,

273 3013 422 3092 diverbia,
445 3014 581 3094 reliquas
604 3020 709 3096 partes
730 3014 853 3080 cantica
875 3034 943 3082 esse
966 3016 1222 3099 comprobavit1).
1268 3015 1397 3081 Cantica

270 3125 376 3182 autem
397 3115 430 3181 in
457 3117 519 3182 duo
541 3136 657 3196 genera
679 3117 844 3183 dividenda
858 3124 946 3182 sunt:
969 3118 1003 3182 in
1024 3120 1128 3200 priore
1149 3137 1266 3200 genere
1282 3135 1392 3183 versus

273 3218 354 3286 sicut
376 3219 492 3287 senarii
513 3217 546 3284 in
569 3218 718 3285 diverbiis
746 3224 940 3300 repetuntur,
969 3220 1001 3284 in
1024 3220 1123 3285 altero
1147 3236 1256 3284 versus
1271 3219 1393 3282 varian-

273 3327 335 3387 tur.
381 3321 484 3402 Atque
506 3323 537 3385 in
562 3320 714 3386 Plautinis
736 3321 904 3387 comoediis
926 3321 1052 3404 utrique
1074 3321 1265 3387 canticorum
1288 3311 1397 3402 generi

274 3425 382 3489 littera
404 3423 429 3489 G
451 3425 596 3506 apposita
619 3429 702 3503 erat,
734 3423 767 3488 in
790 3423 985 3489 Terentianis
1014 3430 1119 3490 autem
1142 3423 1308 3490 comoediis
1331 3421 1397 3488 suis

273 3525 419 3609 quodque
441 3545 540 3608 genus
556 3525 736 3591 distinctum
752 3526 875 3591 videtur
890 3545 959 3592 esse
974 3526 1097 3606 litteris,
1114 3526 1260 3610 equibus
1274 3524 1397 3589 litteras

272 3627 400 3693 alterius
429 3629 551 3712 generis
573 3630 613 3693 ad
636 3636 775 3693 nostram
799 3630 978 3694 memoriam
1007 3638 1147 3695 servatas
1178 3647 1246 3695 esse
1269 3633 1398 3708 putave-

273 3727 342 3793 rim.
378 3729 520 3795 Donatus
543 3729 625 3798 enim
648 3729 681 3795 in
697 3730 829 3812 praelat.
847 3730 976 3812 Adelph.
993 3730 1092 3794 tradit
1106 3728 1261 3794 nonnullis
1276 3727 1397 3792 scaenis

273 3832 395 3898 litteras
430 3833 471 3897 M.
496 3833 537 3897 Μ.
562 3832 597 3898 O.
625 3834 685 3917 (=
708 3834 837 3898 mutatis
868 3833 967 3898 modis
997 3830 1168 3913 cantanda)
1202 3831 1396 3912 praepositas

273 3953 358 4000 esse:
393 3941 425 4001 et
453 3937 517 4002 veri
551 3935 744 4001 simillimum
772 3943 834 4013 est,
868 3953 949 4018 quae
983 3932 1106 3999 cantica
1138 3932 1238 3996 modis
1266 3928 1396 3996 mutatis

271 4039 538 4118 temperabantur,
562 4055 600 4102 ea
615 4038 708 4102 etiam
725 4038 867 4102 versibus
883 4037 1011 4101 variatis
1034 4035 1169 4101 coercita
1185 4052 1268 4100 esse:
1291 4034 1395 4099 neseio

342 4246 364 4314 1)
382 4243 451 4297 Mus.
469 4241 554 4296 Rbea.
571 4239 669 4295 XXVI.
687 4255 733 4309 pg.
751 4243 802 4294 599
815 4255 853 4307 sq.
