3074 4886
369 543 472 622 htqne
493 546 529 606 nt
550 541 583 605 in
604 540 653 605 his
676 540 804 608 canticis
827 540 952 605 ordines
973 537 1282 618 iambico-trochaici,
1305 537 1353 603 ita
1377 538 1420 602 in

282 639 352 708 aliis
377 643 688 710 trochaico-iambici
711 662 729 707 a
752 649 846 724 poeta
867 641 1006 708 instituti
1029 648 1119 721 sunt,
1151 641 1292 706 velutin
1316 641 1421 705 adei-

281 747 414 826 phorum
428 745 520 811 111.1
546 764 668 824 scaena,
692 746 746 811 nbi
769 741 918 811 trochaici
941 746 1110 827 septenarii
1133 753 1165 810 et
1187 744 1311 811 iambici
1326 749 1421 809 octo-

282 849 361 913 narii
384 850 429 915 sic
450 851 532 913 inter
555 866 588 913 se
612 847 861 929 coniunguntur:

357 1067 501 1142 'Obsecro
523 1086 585 1129 mea
605 1069 707 1139 nutrix,
729 1070 796 1142 quid
817 1087 892 1129 nnnc
912 1069 982 1129 iiet?
994 1068 1007 1136 ΙΙ
1024 1067 1097 1140 Quid
1117 1068 1168 1128 flat
1188 1071 1292 1143 rogas?

436 1165 523 1224 Recte
545 1162 643 1240 adepol
664 1180 759 1237 spero:
785 1163 865 1223 mado
887 1163 1009 1235 dolores,
1031 1161 1092 1222 maa
1112 1165 1157 1236 tu,
1184 1161 1327 1237 occipiunt
1347 1162 1416 1235 pri-

1188 1255 1303 1315 mnium.

436 1354 495 1412 Iam
517 1351 593 1412 nino
612 1349 709 1422 times,
735 1350 817 1423 quasi
837 1349 990 1424 nimquam
1011 1348 1148 1421 adfueris,
1174 1347 1325 1422 nrimqnam
1346 1351 1414 1408 tute

1143 1440 1306 1516 pepereris?

434 1541 447 1607 ii
465 1539 597 1600 Miseram
618 1554 675 1611 me,
703 1537 841 1597 neminem
862 1537 969 1608 haban,
990 1537 1067 1598 solae
1087 1535 1197 1595 sumus:
1223 1538 1295 1597 Geta
1315 1538 1413 1596 antem

1074 1630 1121 1689 hic
1142 1629 1196 1690 nan
1217 1631 1305 1703 adest

306 1738 322 1790 5
361 1729 423 1790 Nae
442 1746 525 1803 qoem
546 1729 580 1787 ad
602 1727 783 1788 obstetricem
804 1726 923 1798 mittam,
944 1726 996 1786 nac
1016 1726 1067 1801 qni
1081 1729 1207 1786 accersat
1216 1721 1412 1786 ‘aeschinum

439 1820 534 1881 Polis
555 1819 666 1892 quidem
688 1818 743 1876 iam
764 1818 811 1876 hic
831 1818 935 1877 aderit:
957 1835 1021 1877 uam
1044 1836 1193 1892 numquam
1213 1820 1298 1879 mum
1319 1821 1412 1880 inter-

1115 1913 1204 1972 mittit
1223 1914 1305 1988 diem,

439 2007 511 2080 Quin
543 2005 652 2081 semper
673 2005 776 2064 veniat.
789 2005 801 2072 ΙΙ
823 2004 906 2066 Saloe
923 2021 1057 2066 mearum
1089 2007 1264 2066 miseriarum
1294 2011 1339 2068 est
1362 2009 1412 2068 ra-

1172 2101 1305 2160 medinm.

364 2194 421 2265 ΙΙΈ
441 2214 471 2256 re
491 2198 558 2254 nata
578 2193 678 2253 malins
698 2192 759 2253 fleri
779 2194 849 2252 haut
868 2193 961 2266 potuit
981 2211 1063 2270 quarn
1084 2195 1188 2255 iactum
1209 2195 1262 2266 ast,
1283 2212 1339 2271 era,

364 2289 591 2363 Quandoritium
613 2288 737 2348 oblatum
759 2290 810 2360 est,
832 2289 904 2360 qnod
926 2288 960 2345 ad
982 2287 1060 2346 iilum
1082 2287 1185 2348 attinet
1198 2291 1382 2364 potissimum,

288 2397 323 2450 10
362 2386 469 2459 nalem,
490 2383 541 2443 tali
562 2383 676 2457 ingenio
697 2383 780 2456 atque
801 2381 902 2452 animo,
924 2380 1019 2440 natum
1041 2398 1075 2440 ex
1095 2383 1175 2440 tauta
1195 2381 1312 2442 familia.

365 2482 378 2549 ΙΙ
395 2480 450 2540 'Ita
471 2478 517 2553 pol
538 2479 582 2537 ast
603 2477 635 2536 ot
655 2475 735 2534 dicis.
762 2474 855 2534 salros
875 2474 959 2535 nabis
979 2476 1045 2535 deos
1066 2492 1169 2548 quaeso
1189 2475 1303 2536 meiat.

285 2678 446 2744 Bentleius
469 2678 499 2741 in
523 2693 614 2741 versu
638 2675 667 2753 5,
691 2691 783 2754 quem
805 2671 972 2738 iambicum
996 2690 1065 2737 esse
1088 2672 1221 2751 volebat,
1245 2680 1318 2738 ante
1341 2692 1410 2754 pro

285 2799 397 2846 nomen
428 2800 518 2866 quem
546 2775 688 2856 copulam
719 2785 765 2836 est
789 2775 936 2852 inseruit,
967 2793 1059 2856 quam
1083 2774 1239 2839 sententia
1261 2785 1294 2841 et
1316 2795 1410 2841 uersu

285 2882 437 2967 postulari
460 2881 544 2946 dicit.
582 2878 643 2946 Sed
667 2879 821 2944 sententie
843 2878 954 2959 copula
977 2891 1104 2943 estnon
1127 2878 1315 2961 postulatur,
1338 2896 1408 2943 cum

285 2987 376 3053 facile
391 3005 428 3051 ex
443 2981 639 3050 antecedenti
663 2999 752 3047 versu
771 2977 862 3046 adeat
876 2983 978 3046 animo
993 2983 1173 3048 audiamus:
1193 2999 1294 3063 neque
1310 2983 1409 3063 magis

285 3107 378 3154 versu
398 3106 465 3153 eam
482 3083 567 3167 posci
583 3084 724 3150 Bentleio
740 3085 912 3162 credamne,
935 3084 1080 3166 quoniam
1096 3083 1197 3166 legem
1214 3083 1299 3149 illam
1315 3085 1409 3150 Bent-

284 3192 426 3269 leianam,
449 3194 486 3255 nt
506 3187 591 3254 inter
612 3204 703 3267 pares
725 3205 835 3252 versus
857 3187 993 3269 impares
1015 3186 1205 3268 delerentur,
1228 3207 1288 3253 non
1308 3187 1407 3250 sanxi-

286 3312 364 3358 mus.
417 3292 521 3372 Quare
549 3309 619 3356 cum
647 3289 848 3356 Fleckeiseno
878 3297 910 3354 et
940 3287 1186 3371 Umpfenbachio
1215 3290 1407 3355 trochaicum

286 3393 509 3477 septenarium,
532 3391 586 3476 qui
608 3391 696 3458 libris
720 3392 864 3472 traditor,
887 3391 1068 3458 retinemus.
1102 3389 1221 3458 Versus
1244 3393 1264 3456 6
1288 3400 1319 3458 et
1333 3392 1406 3456 iam·

286 3500 375 3564 bicos
391 3504 422 3563 et
438 3495 613 3562 trochaicus
630 3511 699 3559 esse
715 3499 833 3576 potest:
851 3493 1071 3560 Fleckeisenus
1087 3501 1119 3559 et
1134 3492 1409 3576 Umpfenbachius,

285 3618 346 3681 quo
362 3617 486 3665 versum
502 3597 692 3664 trochaicum
709 3597 942 3661 antecedentem
955 3596 1054 3678 magis
1066 3595 1295 3675 confirmarent,
1313 3595 1408 3662 etiam

284 3703 367 3769 hunc
389 3717 515 3768 versum
539 3697 705 3764 trochaicis
728 3697 860 3780 pedibus
883 3700 982 3764 mensi
1002 3704 1084 3763 sunt.
1120 3697 1180 3765 Sed
1198 3699 1226 3764 si
1240 3697 1409 3764 iambicum

285 3804 479 3872 octonarium
509 3801 696 3880 scribemus,
727 3799 832 3882 paullo
861 3802 1074 3867 concinniores
1097 3801 1409 3868 trochaico-iambici

286 3905 412 3974 ordines
434 3907 541 3970 erunt:

518 4112 532 4174 l
558 4111 669 4178 Troch.
693 4116 771 4192 sapt.
847 4109 850 4210 i
887 4113 902 4173 1
927 4109 1037 4177 Troch.
1062 4116 1141 4194 sept.

579 4213 721 4279 alamb.
746 4218 850 4314 oct,
951 4212 1092 4280 ilamb.
1114 4222 1174 4281 oct
