3074 4886
828 355 867 420 68

282 557 317 626 ln
341 559 455 643 quibus
478 559 619 626 versibus
643 558 752 643 pedem
774 560 847 644 pedi
871 557 1059 642 respondere
1083 575 1172 624 nemo
1195 563 1244 624 est
1265 559 1338 641 quin
1362 559 1409 624 vi·

279 661 365 728 deut:
387 681 488 744 nequa
511 663 592 728 enim
616 662 780 744 quisquam
803 668 867 728 tam
890 663 979 746 pravi
1001 661 1109 727 iudicii
1132 661 1207 740 erit,
1236 652 1295 743 qui
1310 661 1407 726 talem

279 763 512 846 responsionem
542 783 559 829 e
587 764 761 830 scribarum
793 771 849 831 aut
877 783 982 831 errore
1008 771 1064 830 aut
1085 764 1214 830 libidine
1236 763 1408 844 prolectam

279 883 348 932 essa
376 865 435 930 eibi
464 865 673 947 persuadeat·
717 866 887 948 aptissime
916 884 991 932 vero
1021 867 1116 931 etiam
1144 867 1177 931 hi
1206 866 1268 932 duo
1297 883 1406 932 versus

186 1039 188 1046 ,
279 967 371 1034 huius
396 967 508 1032 cantici
530 968 668 1032 numeris
684 967 973 1041 accommodantur;
1002 973 1038 1032 ut
1053 968 1134 1032 enim
1149 969 1182 1056 in
1198 967 1408 1032 antecedenti-

282 1070 341 1160 bus
369 1069 510 1136 versibus
538 1069 708 1135 choriambi
739 1068 905 1151 incipiunt,
936 1074 1109 1149 sequuntur
1131 1074 1236 1134 autem
1260 1069 1406 1143 trochaei,

280 1174 326 1239 ita
352 1173 383 1237 in
411 1169 459 1238 hia
482 1171 623 1246 versibus
648 1172 787 1237 trochaei
810 1170 976 1236 ordiuntur
997 1178 1092 1253 atque
1115 1170 1314 1236 choriambus
1335 1170 1406 1236 sub·

280 1275 432 1355 sequitur.
477 1271 653 1355 Supersunt
683 1292 830 1338 versuum
860 1291 938 1354 quor
969 1291 1065 1355 supra
1093 1271 1255 1339 attulimus
1281 1275 1295 1336 l
1321 1280 1353 1338 et
1374 1273 1404 1352 9,

280 1377 333 1459 qui
362 1395 432 1443 cum
460 1393 589 1458 prorsus
611 1373 725 1441 similes
747 1375 831 1441 inter
853 1395 886 1441 se
909 1377 988 1456 sint,
1017 1375 1125 1442 eadem
1146 1377 1288 1454 ratione,
1312 1393 1402 1456 quam

281 1479 312 1544 in
328 1469 569 1544 Andriae'lV.l
595 1496 708 1543 scaena
731 1479 941 1559 cognovimus,
964 1479 1075 1545 horum
1099 1496 1245 1544 versuum
1267 1480 1404 1546 ordinem
1529 1545 1530 1566 ,

280 1588 313 1647 et
335 1580 481 1647 inchoare
503 1587 536 1646 et
557 1577 706 1646 claudere
729 1579 889 1646 uidentur:

676 1756 701 1809 1.
732 1749 893 1810 Discrucior
912 1750 1008 1811 animi.
1110 1813 1114 1818 .

709 1865 740 1908 v,
759 1859 796 1904 aa
814 1858 819 1930 Ι
838 1863 856 1890 υ
889 1865 925 1905 Q
942 1861 984 1932 ιε

704 1962 802 2029 lamb.
826 1965 989 2052 semiquin.

673 2104 699 2158 9.
731 2099 771 2157 Mi
791 2098 925 2159 iudicium
945 2098 1028 2159 locit-

719 2231 738 2244 -
770 2207 807 2252 ure
826 2208 830 2279 Ι
848 2214 868 2255 a
899 2233 918 2244 -
936 2210 977 2279 pa

706 2311 803 2378 lamb.
827 2312 990 2395 semiquin.

369 2461 486 2542 Quodsi
510 2469 594 2529 recte
616 2464 673 2530 hos
690 2484 835 2532 numeros
851 2466 1081 2548 explicavimus,
1104 2465 1154 2534 hio
1169 2485 1317 2532 versuum
1332 2469 1410 2534 ordo

287 2566 526 2648 distinguendus
550 2565 625 2632 erit:

705 2669 990 2755 Iamb'semiquin.

542 2768 627 2836 Cret.
652 2771 723 2838 dim.
749 2773 786 2852 -Ι-
813 2774 910 2841 troch.
935 2776 1006 2855 trip.
1030 2793 1075 2842 ao.

542 2871 635 2939 Chor.
659 2874 730 2940 dim.
755 2889 796 2946 -l-
819 2877 915 2942 troch.
941 2877 1013 2941 dim.
1036 2882 1097 2943 cat.

542 2972 634 3039 Chor.
659 2976 732 3041 dim.
757 2979 795 3058 -Ι-
819 2977 915 3044 troch.
940 2980 1083 3045 dimac.

545 3075 1100 3164 fflmm†mmmm

543 3177 635 3244 chor.
658 3197 791 3245 monom.
817 3181 854 3260 -Ι-
880 3182 977 3247 troch.
1001 3183 1073 3266 trip.
1095 3202 1142 3250 ac.

544 3279 655 3346 Troch.
678 3283 760 3346 trim.
783 3300 829 3346 ac.
854 3284 892 3363 4-
917 3283 1001 3348 chor.
1024 3303 1158 3352 monom.

543 3381 653 3448 Troch.
677 3384 758 3449 trin.
783 3403 829 3450 ac.
853 3385 890 3464 -Ι-
915 3386 998 3451 chor.
1023 3405 1155 3453 monom.

706 3481 806 3551 Iamb.
831 3487 993 3569 semiquin.

290 3622 379 3689 Dicet
407 3620 535 3704 aliquis:
564 3621 643 3687 tales
673 3639 783 3687 versus
806 3641 865 3688 non
889 3623 980 3688 modo
1003 3641 1064 3688 non
1086 3625 1267 3706 Terentius,
1297 3628 1351 3695 sed
1374 3647 1415 3694 ne

291 3721 423 3790 Plautus
453 3723 579 3804 quidem
609 3740 754 3808 umquam
785 3723 1025 3804 conglutinavit,
1052 3744 1153 3806 neque
1180 3727 1342 3809 probabile
1365 3735 1415 3795 est

290 3835 428 3908 poetam,
451 3825 503 3908 qui
526 3829 598 3906 post
620 3825 750 3904 primam
774 3824 909 3891 fabulam
933 3827 1098 3894 trochaicis
1121 3828 1324 3913 iambicisque
1346 3850 1415 3898 vcr-

290 3927 376 3994 sibus
399 3944 433 3992 se
455 3925 617 4002 continuit,
641 3927 672 3990 in
689 3926 797 3991 ultima
812 3927 917 3992 labala
934 3929 1149 3997 choriambicis
1165 3931 1307 3997 versibus
1323 3951 1414 3998 usum

291 4047 369 4096 esse.
403 4027 464 4096 Sed
487 4027 540 4111 qui
563 4029 608 4094 sic
630 4035 876 4110 argumentatur,
898 4029 931 4094 in
947 4031 1166 4112 probabilitate
1184 4032 1304 4100 lubrica
1320 4035 1412 4100 nimis

291 4130 482 4200 confidenter
510 4133 663 4196 versatur.
708 4128 828 4206 Quibus
858 4132 939 4196 enim
967 4135 1159 4212 argumentis
1186 4153 1257 4200 eum
1283 4135 1412 4216 refellet,

292 4233 343 4301 oui
372 4229 537 4300 Terentius
572 4233 601 4300 in
638 4231 696 4299 hac
725 4234 934 4314 Adelphorum
964 4253 1076 4302 scaena
1104 4255 1219 4318 paucos
1249 4237 1412 4304 Menandri
