3074 4886
692 320 729 382 11

286 521 341 582 Sed
366 520 485 580 inultum
510 522 539 581 id
566 537 717 595 numquam
744 521 865 581 auferet:
902 521 915 589 ΙΙ
952 521 1071 595 posthae
1101 520 1268 582 ineolumem

430 616 475 675 sat
494 614 553 674 seio
574 614 633 673 lore
654 630 706 684 me,
728 631 802 674 nuno
821 615 846 673 ei
867 614 960 673 deuito
982 615 1035 673 hoo
1056 613 1167 673 malum.

287 707 301 778 ΙΙ
321 709 394 768 llam
415 708 482 781 quid
502 724 554 783 ego
574 725 649 768 nuno
669 707 760 768 diuam
774 709 870 784 patri?
890 709 1018 784 negabou
1031 708 1102 768 velle
1122 723 1174 783 me,
1189 709 1270 770 modo

1037 821 1086 877 qur
1106 819 1167 862 sum

288 895 436 958 Pollicitus
457 895 578 955 durare?
600 913 655 969 qna
675 895 769 956 faeere
789 897 819 955 id
832 898 970 957 audeam?
991 896 1124 970 neuquid
1140 914 1182 957 me
1196 915 1270 958 nunu

355 989 455 1050 labium
475 989 543 1048 saio.
564 988 577 1056 ΙΙ
597 1006 649 1048 neo
669 989 736 1064 quid
758 987 789 1058 llll
812 1007 864 1062 ma,
886 991 977 1063 adque
997 989 1025 1047 id
1047 1007 1100 1064 ago
1124 990 1229 1050 sedulo.

286 1083 385 1142 Dicam
411 1083 518 1156 aliquid
544 1099 587 1142 me
611 1083 801 1157 inventurum,
827 1086 858 1143 ut
882 1084 948 1142 huio
969 1083 1041 1143 malo
1062 1082 1185 1156 aliquam
1205 1100 1270 1158 pro·

805 1177 903 1236 duram
925 1193 1040 1236 moram.
1062 1175 1075 1244 ΙΙ
1098 1175 1167 1237 Ohe.

289 1271 303 1340 ΙΙ
323 1271 409 1332 Visus
436 1289 506 1331 sum.
523 1269 536 1337 ΙΙ
557 1270 675 1332 haedum
701 1273 773 1333 bone
794 1275 849 1343 uir,
871 1273 937 1347 quid
959 1273 1021 1332 ais?
1047 1272 1129 1332 viden
1152 1286 1194 1331 me
1214 1270 1270 1328 tuis

562 1349 570 1365 ⁹
889 1365 1016 1426 consiliis
1037 1365 1169 1425 miserum

286 1461 455 1536 Impeditom
476 1465 567 1522 esset.
588 1459 600 1528 ΙΙ
630 1463 659 1520 at
683 1459 739 1518 iam
760 1460 917 1533 expediam.
939 1459 952 1526 ll
973 1460 1124 1533 expedies?
1145 1457 1159 1524 ΙΙ
1186 1459 1269 1528 uerte,

1010 1551 1167 1627 Pamphile.

283 1648 390 1722 Nempe
411 1648 443 1706 ut
463 1648 555 1707 modo.
568 1646 580 1714 ΙΙ
595 1647 680 1706 immo
700 1646 800 1706 melius
820 1663 912 1722 spero.
923 1646 936 1714 ΙΙ
952 1647 988 1706 oh
1007 1645 1063 1706 tibi
1082 1661 1136 1720 ego
1156 1645 1189 1704 ut
1208 1659 1269 1704 ure·

940 1741 1012 1814 dam,
1033 1739 1168 1802 furcifer?

232 1871 373 1949 Quorum
390 1888 535 1936 versuum
566 1876 687 1934 sextum
718 1875 749 1934 at
777 1871 942 1950 septimum
966 1874 1098 1952 apparet
1119 1887 1156 1934 ex
1178 1865 1268 1934 ooali·

143 1971 228 2036 tiona
251 1974 346 2038 trium
362 1991 507 2038 versuum
523 1973 555 2037 iu
571 1977 691 2038 tantam
707 1971 934 2053 longitudinem
957 1973 1102 2050 oravisse,
1125 1969 1180 2052 qui
1195 1988 1271 2053 quo·

144 2072 239 2138 modo
262 2072 445 2154 seiungeudi
468 2078 583 2152 esseut,
605 2073 678 2140 olim
702 2074 841 2138 Faernus
864 2079 948 2139 recte
970 2074 1066 2138 vidit:

220 2228 293 2286 Nam
314 2227 380 2300 quid
402 2243 455 2300 ego
476 2244 550 2285 nunu
570 2226 661 2286 diobm
681 2227 774 2301 patri?
795 2225 924 2301 negtoon
945 2227 1017 2286 vella
1038 2225 1090 2299 me,
1111 2227 1193 2286 modo

222 2320 275 2392 Qui
296 2321 357 2380 siim
378 2320 521 2396 pollicitus
535 2321 654 2382 ducerer
674 2338 730 2394 qua
751 2320 920 2396 [audiuiab]
941 2322 969 2380 id
983 2321 1075 2382 iuuere
1095 2321 1230 2380 audeam?

223 2415 284 2474 Neo
310 2415 376 2488 qnid
402 2431 446 2473 me
471 2431 545 2474 nuno
570 2413 671 2475 iuriam
697 2417 763 2475 solo.
781 2416 794 2484 ΙΙ
809 2415 871 2474 Neu
891 2415 957 2488 quid
979 2430 1035 2488 me,
1061 2415 1144 2488 atque
1165 2413 1193 2472 id
1214 2429 1268 2486 ago

1086 2506 1191 2568 sedulo.

143 2634 277 2713 Quintus
300 2653 409 2700 versus
443 2635 576 2701 iambico
610 2634 770 2702 octonario
802 2640 834 2700 et
867 2636 1000 2700 dimetro
1034 2633 1203 2701 contractis
1236 2631 1268 2696 in

143 2741 265 2802 tantum
288 2736 513 2818 longitudinem
538 2736 688 2802 dilatatus
711 2743 761 2803 est
784 2737 834 2819 (cl.
858 2736 992 2819 pg.10):

297 2873 351 2932 Sed
372 2872 493 2932 indltum
513 2874 542 2931 id
563 2890 713 2946 numquam
738 2872 860 2933 auldrst:
887 2873 1006 2946 posthae
1030 2871 1195 2932 ineolumem
1224 2872 1269 2930 sat

298 3058 352 3128 lde,
375 3056 448 3116 urina
468 3056 604 3116 siderite
625 3056 677 3118 bdu
696 3058 808 3118 mulum.
1026 2965 1085 3024 ⁸016
1105 2963 1165 3024 foro

144 3183 269 3248 Tertius
292 3189 395 3249 autem
419 3189 451 3248 et
472 3189 604 3265 quartus
626 3203 735 3250 versus
763 3187 794 3251 in
818 3186 961 3252 Parisino
983 3187 1062 3252 libro
1085 3187 1163 3252 recti
1185 3191 1269 3252 outo·

144 3287 224 3351 narii
257 3286 381 3352 iambici
414 3291 502 3365 sunt,
529 3287 605 3352 item
633 3292 777 3365 octavos,
808 3289 834 3352 si
866 3307 922 3370 pro
960 3287 1027 3364 obe,
1064 3290 1147 3368 quud
1181 3288 1268 3354 libris

144 3386 295 3465 traditur,
335 3387 372 3449 ob
407 3405 477 3453 cum
513 3389 687 3454 editoribus
720 3388 896 3455 scribimus.
940 3389 1048 3456 Nonus
1080 3409 1190 3457 uersus
1220 3397 1269 3458 eat

144 3490 322 3556 octonarius
344 3490 531 3564 trochaicus,
555 3491 693 3556 decimus
716 3491 912 3573 septenarius
936 3492 1121 3572 trochaicae,
1145 3495 1268 3560 undeci-

144 3611 213 3658 mus
236 3593 413 3660 octonarius
435 3592 597 3659 iambicus.
631 3595 764 3660 Restant
786 3596 904 3677 primus
927 3602 958 3661 et
973 3597 1130 3662 secundus
1148 3613 1267 3675 versus,

144 3695 198 3761 ubi
227 3694 386 3761 Bentleius
416 3695 511 3760 verbo
540 3694 689 3780 perdidit
721 3697 927 3764 exterminato
960 3696 1052 3761 bodie
1084 3718 1122 3763 ex
1155 3699 1267 3765 codici·

146 3798 205 3862 bus
227 3798 323 3872 addit,
347 3815 479 3878 quorum
502 3800 627 3865 nomina
647 3819 708 3866 non
731 3799 831 3866 alfort.
873 3801 933 3866 Sed
958 3803 1049 3868 sedes
1072 3799 1267 3883 corruptelae

145 3899 207 3965 aliu
235 3899 358 3965 videtur
385 3919 453 3966 essa
482 3905 576 3984 atque
607 3903 806 3968 doctissimus
829 3905 878 3968 vir
899 3908 1026 3972 statuit:
1057 3925 1129 3973 uam
1152 3907 1183 3971 iu
1206 3904 1267 3970 fine

145 4003 358 4072 antecedentis
389 4021 520 4076 scaenae
548 4007 581 4072 hi
610 4025 720 4073 versus
747 4007 780 4073 in
809 4008 888 4076 libro
911 4009 1052 4076 Parisino
1081 4007 1266 4076 traduntur:

148 4141 344 4154 ..ο-ι·-

214 4225 237 4291 1)
254 4223 298 4276 lta
316 4221 407 4278 Flauii.
427 4224 584 4278 emendavit.
614 4225 647 4279 ol
665 4226 735 4280 Eun.
747 4226 780 4280 V.
797 4230 822 4280 4.
834 4230 875 4282 36.
