3074 4886
845 341 886 408 36

385 543 503 612 Versus
526 549 547 609 4
569 552 617 612 est
638 547 816 614 trochaicus
838 550 1052 631 septenarius:

329 664 342 733 ΙΙ
363 666 432 725 Fors
453 665 514 726 fuat
534 666 590 741 pol.
603 665 693 734 {t'ubi
714 685 760 728 rus
781 685 847 743 argo
867 669 947 729 hinc:
968 669 1009 728 tbi
1029 686 1081 744 ego
1102 669 1130 728 ta
1151 671 1180 728 et
1199 669 1231 728 tu
1251 669 1295 729 rut
1315 671 1399 733 iores.

385 779 501 843 Versus
524 780 542 843 5
567 779 717 845 iambicus
740 781 934 846 octonarius:

345 893 358 964 ΙΙ
378 897 466 970 Spero
488 900 632 958 mecastor.
644 898 657 965 ΙΙ
672 899 686 956 I
699 898 765 973 e'rgo
786 899 859 958 intro
880 902 908 959 et
928 899 1063 974 compone
1083 916 1155 973 quaa
1176 900 1268 960 tactim
1283 901 1380 960 simul.

295 1027 396 1090 neque
418 1011 498 1075 enim
523 1015 580 1090 est,
604 1031 660 1076 cur
677 1012 816 1078 Bembini
839 1014 1027 1078 auctoritate
1049 1010 1143 1076 diffisi
1158 1031 1229 1078 cum
1245 1018 1421 1079 correctore

295 1112 414 1178 recenti
441 1119 473 1178 et
502 1132 571 1180 cum
595 1112 794 1195 Galliopiauis
820 1113 911 1180 libris
939 1133 995 1194 pro
1024 1127 1178 1204 mecastor
1201 1126 1322 1178 coactor
1344 1117 1420 1181 scri·

294 1214 413 1279 bamus.
460 1214 577 1282 Versus
600 1218 619 1280 6
648 1218 798 1300 denique,
827 1237 920 1300 quem
943 1217 1086 1283 Sostrata
1112 1216 1243 1300 loquens
1267 1238 1284 1283 e
1306 1237 1419 1285 scaena

295 1316 437 1396 discedit,
460 1320 602 1385 senarius
625 1326 689 1385 est:

467 1455 620 1515 serentur:
641 1455 708 1515 dixi.
720 1455 733 1522 ΙΙ
749 1457 792 1516 Ita
813 1455 846 1514 rit
865 1456 947 1516 iubos
968 1455 1081 1516 faciam.
1094 1455 1106 1525 ΙΙ
1121 1459 1216 1516 Pater.

293 1581 416 1648 Omissa
439 1590 544 1650 antem
567 1585 700 1664 senario,
724 1585 848 1667 quoad
872 1587 1002 1650 aiteram
1025 1585 1157 1651 actionis
1180 1594 1301 1666 partem
1316 1592 1419 1654 trans·

292 1692 391 1766 eatur,
413 1686 446 1750 hi
468 1705 577 1753 versus
600 1688 632 1752 iu
654 1689 758 1769 priore
781 1688 892 1753 cantici
914 1693 1004 1769 parte
1026 1689 1188 1769 leguntur:

545 1806 643 1874 lamb.
667 1813 746 1890 sept.

596 1911 694 1978 Iamb.
717 1917 777 1977 oct.
801 1913 866 1978 siue
889 1911 999 1977 Troch.
1022 1916 1101 2006 sept.

887 2013 998 2079 Troch.
1022 2019 1100 2096 sept

888 2116 998 2182 Troch.
1022 2122 1101 2198 sept.

950 2216 1049 2285 Iamb.
1073 2224 1131 2284 oct.

288 2339 374 2418 Ergo
404 2340 466 2404 duo
489 2355 635 2404 versuum
659 2355 775 2418 genera
797 2337 962 2415 habemus,
987 2334 1123 2418 quaein
1147 2335 1309 2401 trochaicis
1332 2338 1412 2401 ordi·

287 2441 379 2504 nibus
401 2439 475 2520 poni
497 2439 615 2517 solent,
638 2438 829 2504 trochaicum
853 2439 1064 2518 septenarium
1088 2446 1119 2501 et
1142 2437 1305 2503 iambicum
1329 2444 1415 2503 octo-

286 2543 422 2606 narium:
448 2543 536 2607 abest
559 2539 735 2608 trochaicus
757 2541 945 2616 octonarius,
970 2557 1061 2619 quem
1083 2540 1115 2603 in
1135 2539 1235 2620 primo
1251 2559 1343 2605 versu
1360 2542 1414 2606 de-

286 2644 429 2710 litescere
451 2643 542 2711 facile
564 2645 717 2727 quispiam
740 2642 895 2723 opinetur.
929 2640 973 2708 Ae
996 2642 1134 2722 proiecto
1151 2641 1311 2708 Bentleius
1327 2643 1412 2708 hunc

287 2747 478 2812 trochaicum
501 2746 695 2812 octonarium
719 2745 837 2824 effecit,
861 2765 930 2810 cnm
954 2757 1042 2807 stooo
1065 2746 1149 2827 quod
1172 2746 1258 2810 libris
1281 2749 1411 2812 circum-

286 2846 387 2914 fertur
409 2850 440 2913 in
464 2859 574 2912 ostona
596 2847 745 2914 mutavit:

323 2984 410 3054 Quem
425 3003 487 3046 cnm
502 2986 573 3046 istoc
587 2985 742 3045 sermonem
757 2984 898 3057 habueris,
914 2983 1011 3059 procul
1027 2982 1094 3043 hinc
1108 2984 1206 3042 astans
1221 2981 1318 3056 accepi
1330 2999 1408 3042 uxor.

285 3132 348 3195 qua
366 3111 497 3180 Bentleii
521 3114 736 3180 emendatione
759 3118 885 3195 recepta
906 3111 958 3178 hic
980 3109 1111 3193 simplex
1133 3109 1310 3176 trochaicus
1332 3112 1408 3177 ordo

283 3216 450 3282 restitutus
473 3222 535 3282 ast:

691 3300 802 3367 Trooh.
826 3305 886 3366 oct.

756 3403 866 3471 Troch.
891 3410 970 3485 sept.

815 3509 911 3573 lamb.
939 3514 999 3571 oct.

282 3625 352 3693 Hae
382 3632 456 3692 sunt
486 3631 550 3692 tres
578 3645 723 3707 scaenae,
753 3628 785 3690 in
814 3628 928 3709 quibus
958 3626 1029 3692 libri
1052 3625 1191 3690 ordinem
1215 3623 1407 3690 trochaicum

282 3729 501 3795 turbaverunt.
547 3729 631 3808 Quas
661 3731 771 3795 turbas
798 3730 859 3794 etsi
881 3731 1017 3796 editores
1040 3728 1233 3794 emendando
1255 3727 1316 3792 iam
1340 3743 1408 3790 sus-

282 3830 436 3910 tulerunt,
461 3837 564 3896 tamen
587 3831 766 3897 accuratius
789 3838 821 3897 et
844 3833 970 3898 uberius
994 3839 1132 3898 tractare
1153 3829 1321 3907 voluimus,
1344 3847 1406 3910 quo

282 3930 505 4010 dubitationes,
528 3952 608 4015 quae
624 3933 785 4000 ordinibus
801 3935 967 4000 trochaicis
982 3935 1192 4010 obluctantur,
1207 3935 1321 4000 clarius
1336 3950 1408 4012 per-

281 4036 485 4117 spicerentur.
523 4038 626 4118 Atque
649 4034 856 4102 confitendum
880 4038 1007 4104 osthus
1031 4038 1242 4103 dubitationes
1264 4043 1314 4102 sat
1335 4053 1407 4117 gra-

280 4157 334 4206 ves
365 4158 434 4205 esse
457 4158 514 4206 neo
535 4138 617 4206 facili
640 4139 756 4219 ubique
778 4139 904 4222 negotio
925 4141 1078 4206 removeri
1100 4158 1202 4224 posse.
1247 4138 1309 4206 Sed
1331 4155 1407 4219 quo-

281 4243 363 4310 niam
387 4245 418 4309 in
441 4244 556 4311 ceteris
578 4245 698 4310 scaonis
721 4244 793 4311 iibri
816 4244 988 4310 trochaicos
1006 4244 1131 4310 ordines
1147 4248 1327 4308 constanter
1341 4261 1403 4308 ser·
