3074 4886
820 291 840 356 8

263 499 383 576 potest,
415 493 523 576 quidni
551 505 594 572 er,
627 515 678 573 oc,
709 505 767 557 aar
791 495 983 561 toleremus?
1032 492 1252 560 Fleckeisenus
1281 497 1386 558 autem

264 597 534 663 coniunctionibus
564 609 593 659 cr
622 602 654 662 et
683 619 721 660 ac
750 599 865 680 ubique
894 598 1018 663 omissis
1047 596 1199 662 dissolute
1222 595 1388 661 enunciata

265 699 474 765 continuavit:
508 717 589 779 quae
617 699 780 765 dissolutio
807 701 868 766 etsi
895 701 1002 780 paucis
1032 697 1108 764 locis
1137 702 1209 778 apte
1236 697 1388 762 statuitur

266 799 404 884 (Phorm.
432 799 458 866 I.
486 801 516 863 2.
539 802 573 877 7,
605 801 685 865 Eun.
708 799 751 865 11.
775 801 804 865 3.
828 801 897 882 71),
925 808 1029 866 tamen
1060 801 1165 864 multis
1192 800 1268 866 locis
1298 797 1388 863 valde

265 903 425 984 displicet:
451 903 547 967 Andr.
562 901 619 966 III.
636 903 665 968 3.
681 904 731 982 28,
756 905 836 968 Eun.
851 901 894 967 II.
912 906 939 967 l.
958 905 1007 981 11,
1030 901 1112 967 Eun.
1127 899 1170 964 Il.
1186 902 1216 964 2.
1231 901 1281 979 29,
1305 901 1387 965 Eun.

267 1007 305 1070 V.
322 1005 351 1068 2.
367 1005 420 1083 34,
443 1005 524 1068 Eun.
541 1003 579 1069 V.
597 1005 627 1068 4.
643 1006 674 1084 4,
696 1006 792 1070 Haut.
808 1003 866 1068 Iil.
880 1005 910 1066 2.
928 1005 976 1083 10,
1003 1004 1060 1068 Ad.
1072 1001 1132 1067 ΙΙΙ.
1142 1003 1174 1081 3,
1186 1003 1236 1082 21,
1263 1003 1318 1067 Ad.
1332 999 1388 1066 ill.

268 1109 298 1171 4.
318 1109 367 1184 19,
391 1125 447 1171 uec
469 1104 543 1170 ferri
559 1113 680 1186 potest:
704 1107 799 1171 Andr.
815 1104 842 1169 Ι.
860 1108 887 1170 l.
903 1107 954 1183 24,
977 1105 1036 1168 Ad.
1053 1104 1092 1170 ll.
1108 1106 1138 1169 2.
1154 1107 1184 1180 9,
1206 1104 1261 1186 qui
1281 1121 1389 1170 versus

266 1209 507 1275 aFleckeiseno
536 1215 707 1274 motantur.
753 1208 874 1274 Deinde
904 1219 960 1273 aar
986 1209 1161 1275 coniunctio
1191 1227 1261 1274 cum
1288 1207 1390 1273 omitti

267 1317 417 1391 nequeat,
447 1328 543 1376 causa
571 1328 682 1375 versus
711 1311 853 1375 mutandi
878 1309 915 1375 fit
937 1309 1032 1376 Haut.
1050 1310 1106 1375 lll.
1122 1311 1152 1375 3.
1168 1311 1218 1391 34,
1243 1309 1390 1374 Ad.1.1.

271 1413 320 1490 13,
336 1412 387 1476 30.
433 1412 550 1476 Contra
577 1411 653 1476 nihil
682 1413 713 1477 iu
744 1419 792 1477 tot
820 1413 964 1478 versibus
986 1413 1202 1489 omittendum,
1226 1409 1304 1476 nihil
1326 1429 1391 1475 mu·

267 1514 398 1578 tandum
422 1517 480 1591 est,
503 1514 530 1577 si
553 1513 821 1580 coniunctionibus
840 1514 870 1578 in
886 1511 948 1578 fine
959 1503 1106 1578 versuum
1121 1512 1222 1579 locum
1238 1531 1307 1577 esse
1322 1530 1392 1577 con-

268 1615 424 1682 cedemus.
461 1614 629 1681 Praeterea
651 1615 699 1679 his
723 1617 846 1680 circiter
868 1615 977 1697 viginti
999 1616 1150 1694 versibus,
1173 1616 1227 1681 ubi
1250 1616 1390 1682 coniunc-

267 1718 369 1784 tiones
390 1716 542 1782 librorum
565 1719 752 1782 auctoritate
766 1718 797 1782 in
813 1715 927 1782 finibus
943 1735 1088 1781 versuum
1104 1717 1282 1793 traduntur,
1304 1722 1395 1801 quat·

268 1825 341 1885 tuor
355 1819 492 1885 addendi
508 1826 590 1898 suut,
613 1838 744 1901 quorum
762 1821 882 1884 numeri
898 1820 1115 1885 coniunctione
1129 1820 1281 1884 adversus
1297 1818 1393 1884 libros

268 1925 301 1987 in
331 1923 417 1987 exitu
448 1923 661 1988 antecedentis
691 1941 801 1987 versus
823 1923 970 1988 restituta
992 1921 1150 1987 lenissime
1172 1923 1393 1987 emendantur:

272 2026 368 2090 Andr.
391 2024 417 2090 I.
440 2024 469 2089 5.
494 2025 544 2104 21,
568 2026 650 2089 Eun.
672 2025 711 2089 Il.
735 2025 765 2089 3.
789 2025 840 2104 58,
864 2026 960 2090 Haut.
981 2026 1036 2090 lli.
1057 2025 1087 2088 3.
1103 2024 1156 2103 20,
1180 2025 1237 2090 Ad.
1254 2024 1279 2090 I.
1298 2026 1325 2087 l.
1343 2023 1393 2088 10.

270 2128 478 2206 Quamobrem
501 2127 648 2209 quoniam
671 2126 817 2208 permulti
839 2145 949 2192 versus
971 2128 1157 2204 traduntur,
1184 2144 1316 2210 quorum
1340 2143 1396 2189 nu·

270 2230 347 2293 meri
370 2227 587 2295 coniunctione
609 2230 640 2293 in
664 2231 748 2294 exitu
771 2248 880 2294 versus
903 2236 1027 2293 serrata
1050 2227 1223 2293 rectissime
1241 2232 1395 2306 coustant,
1525 2231 1526 2234 ’

271 2337 366 2412 atque
393 2330 485 2409 pauci
514 2331 684 2408 accedunt,
713 2348 845 2411 quorum
872 2331 993 2395 numeri
1016 2329 1232 2394 coniunctione
1254 2329 1285 2392 in
1309 2328 1395 2393 exitu
1525 2341 1526 2350 ¹

271 2451 380 2496 versus
402 2433 550 2497 restituta
570 2432 715 2497 facillime
731 2433 946 2508 emendantur,
970 2429 1216 2513 Umpienbacbio
1231 2429 1395 2508 assentior,

271 2536 326 2614 qui
349 2535 445 2599 libros
468 2540 594 2599 secutus
617 2535 849 2599 coniunctiones
872 2540 904 2598 et
925 2535 958 2598 in
980 2531 1041 2599 fine
1063 2552 1172 2598 versus
1194 2533 1338 2612 retinuit,
1365 2538 1398 2596 et

272 2653 390 2718 paucos
411 2653 522 2699 versus
545 2634 772 2702 coniunctionis
793 2635 860 2700 loco
882 2642 1003 2701 momto
1025 2634 1230 2714 probabiliter
1244 2654 1262 2700 e
1277 2635 1396 2700 mendis

274 2735 440 2820 expedivit.
478 2734 539 2801 Sed
562 2726 685 2800 iam'ad
706 2738 884 2802 institutum
906 2741 1047 2803 revertar
1069 2757 1182 2803 meum.

358 2838 443 2904 Satis
466 2838 633 2920 diligenter
655 2840 763 2905 Bemb.
785 2840 879 2904 etiam
902 2841 933 2904 iu
956 2842 1085 2905 variatis
1107 2841 1250 2906 versibus
1272 2838 1398 2904 distino-

271 2941 389 3006 tiouem
411 2941 572 3006 metricam
594 2942 739 3005 serravit.
775 2941 829 3006 Bis
851 2943 981 3007 verbum
1005 2963 1042 3008 ex
1066 2943 1128 3009 fine
1150 2944 1181 3009 in
1204 2943 1329 3008 initium
1351 2960 1397 3006 se-

273 3043 398 3129 quentis
421 3063 547 3122 versus,
577 3045 624 3109 bis
646 3066 683 3110 ex
705 3046 794 3112 initio
816 3045 963 3112 induem
985 3046 1197 3112 antecedentis
1219 3065 1330 3111 versus
1351 3064 1399 3110 re·

273 3147 385 3212 movit:
409 3147 490 3211 Eun.
504 3144 559 3210 IV.
577 3148 606 3210 6.
625 3149 660 3222 1,
682 3145 778 3212 Haut.
795 3147 851 3213 ΙΙΙ.
869 3148 899 3212 3.
915 3148 973 3221 20;
996 3146 1072 3213 Hec.
1088 3145 1129 3210 II.
1149 3148 1176 3208 l.
1195 3149 1251 3224 16,
1269 3146 1344 3212 Hec.
1360 3147 1398 3211 V.

276 3250 306 3313 4.
323 3248 354 3312 8.
399 3248 462 3314 Ubi
489 3256 594 3314 autem
623 3248 767 3314 versibus
793 3252 894 3331 longis
921 3251 1032 3315 breves
1054 3249 1284 3326 immiscentur,
1312 3266 1400 3312 uum·

274 3369 369 3434 quam
391 3351 494 3414 versui
517 3348 650 3431 longiori
673 3351 847 3417 breviorem
869 3352 1019 3430 adiunxit,
1042 3350 1075 3414 id
1091 3351 1173 3433 quod
1192 3356 1223 3415 et
1238 3349 1400 3416 Parisinus

274 3458 307 3519 et
321 3452 556 3530 Ambrosianus,
579 3459 615 3518 ut
629 3453 745 3518 chartis
761 3459 936 3534 parcerent,
958 3451 1141 3531 saepissime
1155 3450 1306 3520 lecerunt.
1340 3453 1401 3518 Ter

274 3561 397 3620 tantum
425 3555 549 3619 initium
578 3554 703 3620 dimetri
730 3556 769 3620 ad
798 3554 890 3620 finem
917 3553 1098 3636 praeeuntis
1120 3553 1270 3635 longioris
1292 3573 1401 3620 versus

274 3657 423 3735 adicitur,
454 3675 524 3722 cum
550 3656 672 3738 reliqua
694 3676 804 3722 versus
826 3658 921 3722 verba
945 3657 1012 3722 sola
1034 3657 1136 3722 locum
1158 3675 1270 3721 versus
1292 3663 1399 3722 tuean-

276 3755 346 3826 tur:
370 3761 449 3823 Eun.
476 3757 528 3821 IV.
553 3761 582 3821 6.
605 3759 634 3835 8,
658 3759 781 3823 Phorm.
804 3758 829 3823 l.
853 3760 883 3823 4.
906 3760 936 3835 4,
959 3759 1036 3825 Hec.
1060 3759 1113 3824 IV.
1137 3759 1167 3823 3.
1189 3760 1238 3821 14.
1284 3756 1403 3825 Contra

275 3861 348 3928 finis
382 3858 535 3942 longioris
569 3880 679 3927 versus
712 3861 857 3944 sequenti
887 3861 1041 3927 versiculo
1068 3863 1285 3943 praeponitur:
1320 3861 1401 3927 Eun.

277 3965 317 4029 11.
343 3965 369 4026 1.
383 3964 413 4041 t,
437 3963 466 4041 9,
491 3963 572 4028 Eun.
596 3961 636 4028 Π.
660 3964 689 4028 3.
714 3965 764 4038 15,
786 3964 911 4034 Phorm.
928 3963 965 4028 V.
984 3967 1012 4028 1.
1028 3966 1059 4029 2.
1101 3966 1155 4030 Bis
1177 3965 1312 4045 denique
1340 3964 1402 4046 epi·

276 4067 432 4242 {aloncion
458 4084 528 4132 cum
556 4065 701 4148 sequenti
730 4085 823 4133 versu
854 4066 983 4142 coaluit:
1012 4066 1250 4150 naaliel,
1278 4066 1401 4134 Phora.

183 4169 189 4176 '
292 4195 295 4202 ·
328 4169 426 4234 ,2.1.
462 4227 464 4234 .
