3074 4886
825 347 866 412 60

279 551 442 616 malumus.
487 549 605 618 Versus
634 552 686 632 qui
713 553 796 616 hune
818 553 1012 619 octonarium
1036 554 1179 637 sequitur
1199 554 1231 619 in
1255 557 1405 622 Bembina

278 653 429 718 iambicus
452 655 640 730 octonarius,
664 656 695 718 in
712 651 914 735 Calliopianis
933 656 1111 722 trochaicus
1127 659 1324 739 septenarius
1340 665 1403 725 est:

278 754 449 835 quaeritur,
465 762 664 840 utesqversua
681 757 863 821 scribendus
879 757 929 822 sit.
965 757 999 823 si
1014 761 1084 839 quis
1100 759 1180 824 hanc
1191 761 1403 840 quaestionem

278 857 467 923 acetositate
488 845 639 924 librorum
662 864 694 924 et
717 860 973 938 deprecationum
998 862 1220 942 probabilitate
1244 864 1321 928 satis
1336 882 1403 944 per-

276 959 381 1041 pensis
408 959 582 1026 diiudieare
612 959 754 1038 voluerit,
777 963 844 1026 sine
867 961 930 1026 ulla
953 962 1149 1030 dubitatione
1172 965 1316 1031 Bembini
1337 984 1402 1031 ver-

277 1081 346 1128 sum
374 1082 481 1128 verum
510 1083 578 1130 csse
601 1062 841 1129 confirmaverit.
886 1067 928 1129 At
956 1073 1061 1130 tamen
1087 1069 1243 1132 sententia
1265 1074 1297 1132 et
1319 1068 1400 1148 leges

277 1164 426 1231 metricae
443 1167 585 1242 suadent,
602 1171 638 1230 ut
650 1162 914 1245 Calliopianorum
929 1185 1052 1230 versum
1069 1165 1299 1247 praeferamus:
1316 1166 1401 1230 Ιὶιιηι

277 1267 368 1340 enim,
393 1285 486 1348 quam
509 1265 650 1333 voculam
674 1263 760 1329 solus
779 1266 947 1331 Bembinus
972 1268 1119 1351 servavit,
1141 1268 1289 1334 hocloco
1314 1269 1400 1334 valde

276 1366 421 1448 languet,
448 1369 531 1450 quod
555 1367 742 1433 Gouradtius
766 1366 939 1433 rectissime
962 1369 1048 1432 vidit.
1093 1369 1172 1432 Nam
1195 1370 1249 1451 qni
1273 1371 1399 1453 rogitat:

276 1467 350 1532 Noa
382 1469 456 1533 dam
485 1470 569 1532 milri
595 1469 707 1549 aedis,
730 1489 799 1535 eum
824 1471 923 1534 multa
945 1477 1038 1535 antea
1061 1469 1260 1538 confirmasse
1284 1478 1317 1538 et
1335 1492 1401 1555 pro

276 1573 397 1639 misisse
420 1579 577 1654 putamus.
613 1571 770 1637 Phaedria
792 1579 898 1637 autem
921 1579 1015 1637 antea
1037 1571 1114 1636 nihil
1137 1572 1333 1644 confirmavit
1348 1581 1401 1640 aut

275 1675 425 1756 promisit.
461 1674 559 1742 Porro
583 1678 676 1742 etiam
698 1677 777 1757 legis
792 1678 941 1741 metricae
956 1677 1126 1759 postulant,
1149 1680 1184 1740 ut
1201 1673 1399 1758 Calliopianis

275 1780 496 1844 assentiamur:
531 1798 602 1844 nam
633 1778 824 1844 trochaicum
852 1778 1045 1845 octonarium
1068 1797 1192 1860 semper
1214 1780 1400 1859 trochaicus,

276 1899 443 1962 numquam
466 1881 620 1947 iambicus
643 1883 797 1962 sequitur:
819 1883 1006 1946 antecedens
1028 1888 1134 1947 autem
1157 1897 1266 1945 versus
1289 1881 1322 1946 in
1337 1901 1400 1947 om-

276 1983 368 2050 nibus
391 1984 478 2049 libris
502 1984 679 2048 trochaicus
702 1985 878 2048 octonarius
902 1991 958 2049 est.
993 1983 1099 2062 Quare
1122 1981 1331 2064 Galliopianos
1353 2003 1398 2049 se·

275 2091 366 2151 cutus
395 2084 470 2149 dum
498 2105 572 2152 voce
601 2085 717 2152 omissa
745 2087 934 2152 trochaicum
965 2088 1177 2166 septenarium
1200 2085 1400 2152 scribendum

275 2207 344 2253 esse
379 2191 468 2255 duco.
523 2187 654 2266 Versum
690 2189 823 2269 denique
853 2192 889 2252 11
922 2190 1058 2254 editores
1088 2190 1189 2253 deleto
1218 2187 1401 2271 pronomine

275 2288 352 2352 mihi
374 2290 565 2357 trochaicum
590 2293 799 2372 septenarium
823 2310 891 2356 esse
914 2291 1088 2371 voluerunt,
1112 2310 1150 2355 ue
1165 2290 1318 2357 iambicus
1333 2309 1398 2357 ver·

275 2411 329 2457 sus
355 2393 438 2457 inter
462 2393 636 2458 trochaicus
659 2395 780 2458 obviarn
804 2393 901 2457 lieret.
948 2393 1009 2458 Sed
1033 2395 1060 2458 si
1083 2393 1174 2458 modo
1197 2394 1340 2459 omnibus
1362 2393 1400 2458 li·

272 2494 337 2559 bris
359 2493 438 2558 tides
462 2495 605 2561 habenda
627 2501 683 2569 est,
706 2496 757 2560 hie
781 2513 889 2560 versus
912 2496 1061 2560 iambicus
1085 2495 1263 2560 octonarius
1286 2496 1327 2559 sit
1346 2514 1402 2558 ne·

272 2613 358 2660 cesse
388 2604 450 2674 est,
483 2615 544 2679 qno
575 2605 698 2663 servato
727 2598 777 2662 hic
804 2596 933 2678 simplex
955 2598 1033 2662 ordo
1056 2597 1232 2663 trochaicus
1254 2601 1400 2678 apparet:

651 2700 763 2765 Troch.
787 2706 847 2767 oct.

753 2781 864 2869 Troch.
887 2809 966 2885 sept.

856 2904 954 2971 lamb.
977 2911 1037 2970 oet.

272 3006 404 3071 Restant
432 3010 550 3087 septem
581 3007 674 3072 huius
705 3007 818 3072 cantici
848 3025 973 3087 versus,
1006 3008 1060 3089 qui
1091 3009 1136 3074 sie
1166 3005 1323 3074 scribendi
1355 3007 1400 3071 vi·

273 3109 385 3173 dentur
408 3126 489 3174 esse:

345 3241 454 3304 'Adeon
476 3245 590 3320 ingenio
612 3245 674 3305 dese
696 3246 764 3304 duro
785 3247 813 3304 te
834 3243 918 3318 atque
938 3246 1115 3321 inexorabili,

348 3335 397 3398 ‘Ut
418 3356 507 3414 neque
529 3340 722 3400 misericordia
743 3355 833 3413 nequo
854 3339 985 3416 precibus
1006 3339 1110 3400 molliri
1129 3346 1231 3415 queas!

349 3431 361 3498 ΙΙ
372 3429 479 3493 ‘Adeon
500 3436 528 3492 te
550 3450 611 3492 esse
628 3433 834 3508 inedgitantem
855 3436 940 3509 atquc
961 3435 1155 3508 inpudentem,
1175 3433 1322 3506 Phaedria,

274 3529 308 3582 1⁵
426 3527 465 3584 Ut
485 3526 529 3586 md
550 3526 706 3600 phaleratis
727 3526 815 3586 ducas
837 3527 920 3586 dictis
941 3527 969 3586 et
990 3544 1079 3587 meam
1101 3528 1199 3586 ductes
1219 3526 1333 3602 parde!

347 3616 359 3684 ΙΙ
372 3619 564 3678 Miseritumst.
577 3619 589 3685 ll
608 3619 650 3689 m,
673 3618 747 3678 veris
767 3620 872 3678 vincor.
885 3619 896 3686 ll
917 3619 1004 3689 Quam
1025 3619 1142 3692 iterque
1164 3622 1207 3678 est
1227 3619 1328 3679 similis
1341 3619 1397 3680 sni.

422 3713 555 3786 illicque,
576 3713 713 3788 ‘Antipho
734 3713 790 3772 alia
811 3730 873 3772 cum
896 3712 1049 3788 occupatus
1069 3712 1145 3774 esset
1164 3713 1362 3787 sollicitudine,

422 3806 493 3865 Tum
519 3808 571 3866 hoc
602 3805 663 3866 esse
695 3807 732 3865 mi
762 3807 900 3869 obiectdm
927 3807 1044 3866 malum!
1075 3807 1135 3879 Ab,
1161 3807 1227 3880 quid
1254 3807 1327 3868 istic
1353 3811 1398 3868 est

1012 3901 1115 3972 autam,
1137 3899 1295 3960 Phaedria?

269 4028 307 4092 ln
337 4025 399 4093 fine
426 4046 535 4094 versus
563 4030 601 4091 14
626 4029 795 4094 Bembinus
822 4027 918 4092 verba
939 4027 1006 4090 aiae
1027 4025 1119 4092 modo
1142 4029 1244 4106 addit,
1274 4036 1310 4095 ut
1332 4049 1397 4095 cre·

270 4130 350 4195 ticus
379 4148 435 4210 pes
464 4138 550 4195 extra
578 4133 655 4194 recti
681 4129 851 4210 septenarii
874 4129 999 4196 modum
1022 4131 1166 4196 excedat:
1196 4149 1280 4211 quae
1302 4127 1418 4198 verba-

270 4250 339 4298 eum
356 4231 542 4314 Calliopiaui
565 4233 636 4299 libri
659 4250 766 4298 omnes
788 4231 957 4313 omiserint,
980 4237 1064 4299 reete
1088 4235 1227 4300 editores
1249 4244 1286 4301 ut
1304 4235 1396 4302 inter-
