3074 4886
626 377 829 475 Aa„

168 595 279 644 versus
305 579 430 644 udatur
453 579 593 645 imitatus
616 583 708 648 esse?
739 581 832 649 Certe
854 583 925 649 libri
946 581 1003 650 hos
1026 599 1135 648 versus
1158 579 1292 648 tradide-

169 686 254 744 runt:
279 687 418 748 nostrum
442 689 546 747 autem
569 689 618 747 est
639 683 773 750 traditos
788 703 898 750 versus
914 684 1067 766 explicare
1083 689 1177 767 atque
1191 681 1293 750 causis

168 781 362 850 confirmare.
413 785 523 868 ltaque
551 802 607 849 nos
634 804 760 868 quoque
789 805 916 852 cansam
943 785 1171 868 quaesivimus,
1199 801 1294 865 qnam

168 884 213 949 sic
235 885 333 965 accipi
356 885 509 964 volumus,
535 891 652 950 utnon
675 883 781 968 inepte
804 887 915 953 saltem
939 886 977 953 de
999 887 1173 952 imitatione
1188 883 1294 968 graeci

168 985 299 1068 exempli
322 986 455 1067 cogitari
477 1004 569 1067 posse
592 986 815 1054 existimemus.

252 1087 351 1153 Poeta
372 1087 470 1169 igitur
492 1089 523 1152 in
546 1088 594 1152 his
617 1105 741 1169 quoque
764 1092 891 1159 canticis
914 1111 1022 1159 versus
1037 1093 1154 1160 eisdem
1170 1094 1292 1176 legibus

169 1196 200 1254 et
228 1189 402 1256 rationibus
430 1197 525 1271 atque
547 1191 577 1254 in
602 1192 713 1256 ceteris
733 1195 879 1258 variavit:
908 1201 964 1260 aut
986 1195 1048 1261 duo
1071 1208 1292 1280 versuum'go·

169 1310 243 1356 nera
270 1309 331 1356 uno
361 1292 470 1358 ordine
499 1293 750 1374 comprehendit,
778 1301 834 1360 aut
862 1315 899 1361 ex
926 1315 987 1362 uno
1010 1315 1156 1364 versuum
1178 1318 1293 1380 genere

168 1394 330 1476 pericopas
358 1395 545 1477 composuit,
574 1414 653 1478 quas
681 1414 743 1476 quo
766 1397 866 1478 magis
889 1419 925 1464 ex
949 1406 1123 1466 ceterorum
1146 1421 1293 1469 versuum

169 1515 309 1562 connexu
339 1497 544 1578 discerneret,
574 1497 730 1563 interdum
759 1501 868 1566 eodem
896 1519 988 1568 versu
1018 1508 1050 1568 et
1078 1503 1236 1570 inchoavit
1262 1507 1294 1568 et

168 1600 289 1668 clausit.

254 1701 342 1768 Haec
365 1700 431 1769 iere
453 1707 536 1781 sunt,
560 1701 739 1784 quaemihi
762 1705 852 1771 utilia
873 1705 1059 1773 videbantur
1080 1707 1121 1774 ad
1136 1706 1294 1774 illustran-

170 1808 240 1873 dam
268 1826 414 1874 versuum
445 1808 478 1873 in
507 1808 635 1875 canticis
663 1807 926 1875 consecutionem.
970 1809 1037 1875 Iam
1061 1809 1232 1893 veroquid
1255 1809 1294 1876 de

169 1906 274 1976 lruc'tu
303 1910 395 1976 huius
426 1911 653 1977 consecutionis
682 1911 831 1989 iudicem,
860 1913 967 1994 paucis
990 1912 1193 1979 adumbrabo.
1238 1911 1295 1978 Or·

170 2011 258 2078 dines
281 2030 438 2093 versuum,
461 2030 539 2094 quos
561 2018 655 2097 poeta
674 2013 821 2090 instituit,
843 2033 904 2081 non
928 2022 991 2080 tam
1014 2015 1157 2096 angustis
1179 2013 1294 2080 finibus

170 2114 313 2196 coerciti,
342 2133 404 2180 non
433 2121 497 2180 tam
524 2117 640 2180 severis
668 2113 790 2197 legibus
820 2114 941 2180 astricti
968 2120 1057 2195 sunt,
1086 2118 1122 2178 ut
1140 2120 1218 2197 quot
1239 2119 1296 2180 aut

170 2214 279 2299 quales
300 2215 332 2280 in
355 2234 480 2298 quoque
503 2215 623 2281 cantico
645 2233 754 2280 versus
769 2216 925 2282 scribendi
941 2215 1013 2297 sint,
1036 2223 1121 2282 certo
1136 2214 1295 2298 praefiniri

170 2317 279 2400 possit.
323 2315 436 2401 Itaque
458 2317 570 2384 mirum
594 2337 655 2383 non
679 2323 742 2396 est,
767 2318 849 2400 quod
873 2337 1019 2384 versuum
1042 2317 1295 2385 consecutionem

170 2426 385 2501 perscrutatus
415 2438 525 2502 parum
552 2418 699 2485 utilitatis
722 2419 762 2484 ad
786 2419 995 2498 emendandas
1018 2420 1139 2486 fabulas
1161 2419 1296 2502 praebu-

171 2521 258 2588 erim.
301 2521 410 2603 Neque
440 2541 513 2587 vero
543 2523 601 2589 hoc
630 2541 679 2588 me
707 2528 923 2588 assecuturum
951 2522 1083 2604 speravi.
1129 2521 1212 2588 Satis
1234 2521 1296 2586 iam

171 2620 230 2687 hac
252 2623 434 2706 quaestione
455 2623 624 2705 profecisse
647 2623 723 2689 mihi
745 2623 889 2704 videbor,
912 2625 938 2689 si
961 2623 1176 2691 adiumentum
1199 2641 1297 2706 quan·

171 2725 406 2807 tulumcumque
428 2730 477 2790 est
499 2724 646 2804 attulero,
669 2743 731 2807 quo
754 2725 907 2810 elegantia
929 2745 966 2792 ac
988 2733 1145 2807 venustas,
1169 2724 1297 2807 quaein

172 2827 300 2895 canticis
311 2826 508 2893 Terentianis
523 2829 639 2907 insunt,
655 2827 759 2911 paullo
775 2829 874 2911 magis
886 2825 1062 2912 legentibus
1073 2827 1296 2909 percipiantur.

616 3154 730 3254 Cap.
750 3151 853 3236 VII.

258 3341 304 3408 Ut
325 3341 473 3425 denique,
505 3344 587 3426 quod
616 3341 787 3410 identidem
813 3339 876 3406 iam
900 3340 1031 3424 polliciti
1054 3358 1177 3419 sumus,
1206 3359 1297 3422 prae·

174 3449 302 3524 stemus,
326 3463 408 3512 nunc
430 3447 538 3528 paucis
560 3447 804 3528 explanabimus,
827 3462 890 3526 qua
904 3445 1024 3508 ratione
1040 3441 1080 3506 ad
1095 3441 1187 3508 aliam
1203 3441 1298 3507 actio

172 3549 221 3612 nis
254 3554 374 3628 partem
407 3554 594 3616 transeatur.
631 3549 676 3615 Ut
705 3548 787 3613 actio
810 3547 959 3622 variatur,
989 3546 1034 3611 ita
1061 3546 1148 3610 varia
1176 3545 1297 3608 ratione

174 3649 301 3714 transiri
323 3655 439 3732 potest:
471 3657 526 3715 ant
554 3651 658 3715 subito
688 3648 787 3714 altera
817 3667 891 3731 pars
921 3646 1055 3713 infertur
1076 3664 1177 3727 neque
1199 3642 1297 3710 ullum

173 3751 322 3816 indicium
352 3749 389 3816 fit
421 3753 572 3818 actionem
604 3754 732 3826 mutari,
760 3758 816 3817 aut
846 3769 979 3833 persona
1009 3747 1127 3832 aliqua,
1157 3747 1296 3830 quaein

173 3872 286 3920 scaena
309 3854 409 3930 adest,
432 3853 564 3920 actionis
586 3854 789 3919 mutationem
805 3854 913 3936 paucis
928 3853 1032 3919 uerbis
1049 3851 1181 3917 indicat:
1205 3850 1296 3916 modo

173 3955 273 4022 altera
296 3956 426 4022 alteram
455 3957 604 4023 accedere
626 3956 674 4022 vel
700 3955 787 4022 abire
816 3953 996 4034 denuntiat,
1027 3954 1118 4018 modo
1141 3970 1175 4018 se
1197 3951 1296 4032 ipsam

173 4057 278 4140 aliquo
301 4064 356 4124 aut
377 4077 572 4125 accessuram
596 4066 652 4124 aut
673 4060 829 4125 abituram
853 4077 921 4124 esse
944 4061 1062 4122 narrat.
1099 4054 1135 4120 In
1157 4053 1214 4118 hos
1233 4072 1297 4120 ver·

174 4177 237 4238 sus,
261 4159 375 4243 quibus
398 4159 551 4226 actionem
574 4162 689 4226 mutari
711 4161 859 4228 indicium
882 4158 927 4239 fit,
950 4176 1032 4222 nunc
1048 4156 1153 4240 paullo
1169 4173 1297 4226 accura-

174 4263 237 4328 tius
259 4262 462 4346 inquiramus.
