3074 4886
739 331 871 428 „23
921 420 936 424 -

653 535 764 603 Troch.
789 540 850 600 oct.

746 635 857 701 Troch.
880 637 958 714 sept.

839 734 938 800 Iamb.
962 740 1032 812 oct,

277 848 330 929 qui
351 850 529 928 postremus
551 859 661 907 versus
684 841 723 905 ad
747 839 864 904 exitum
887 856 1019 903 scaenae
1041 835 1204 918 repetitur.

363 945 441 1012 Cum
463 948 522 1012 hac
544 963 656 1010 scaena
678 940 803 1007 Phorm.
817 942 884 1006 V.l
910 937 1044 1004 conferri
1073 942 1190 1020 potest,
1220 937 1252 1002 in
1276 957 1338 1021 qua
1360 936 1402 1002 si·

277 1049 344 1115 mili
372 1049 493 1116 ratione
523 1057 617 1128 poeta
644 1050 677 1110 et
698 1041 919 1126 amplificatum
949 1046 981 1107 et
1009 1039 1179 1122 simplicem
1209 1039 1401 1105 trochaicum
1522 1087 1523 1130 ι

279 1153 418 1219 ordinem
441 1152 521 1215 inter
545 1167 579 1214 se
600 1143 770 1224 coniunxit,
792 1150 828 1209 ut
850 1145 987 1209 intense
1009 1146 1197 1224 sequantur:

609 1248 633 1312 1.
667 1246 778 1314 Troch.
801 1249 860 1312 oct.

754 1345 865 1413 Troch.
888 1344 1047 1427 semisept.

669 1449 779 1516 'broch
803 1454 862 1514 oct

754 1552 865 1618 Trocb.
888 1555 967 1634 sept.

845 1653 942 1720 Iomb.
966 1658 1026 1720 oct.

587 1758 650 1824 ·11.
684 1756 793 1822 Troch.
817 1761 877 1822 oct.

757 1857 869 1923 Troch.
892 1862 971 1939 sept.

844 1958 941 2026 Iomb.
964 1965 1024 2027 oct.

370 2064 458 2130 Alias
474 2062 697 2147 gravioresque
711 2063 822 2127 turbas
838 2063 973 2128 editores
988 2062 1019 2127 in
1035 2060 1177 2143 Hecyrae
1192 2059 1248 2126 1v.
1263 2066 1278 2126 1
1296 2081 1409 2130 scaena

286 2168 463 2235 effecerunt.
497 2165 653 2247 Incipiunt
675 2165 823 2231 octonarii
846 2165 996 2230 trochaici
1018 2165 1090 2244 duo,
1113 2182 1191 2247 quos
1214 2166 1409 2246 septenarius

286 2270 409 2352 excipit,
432 2275 498 2334 tum
522 2267 701 2333 octonarius
724 2267 902 2332 trochaicus
925 2266 1069 2344 iteratur,
1092 2286 1184 2350 quem
1207 2268 1409 2348 subsequitur
1524 2303 1525 2320 ι

286 2373 560 2454 semiseptenarius
582 2369 767 2437 trochaicus.
813 2369 907 2434 Sento
930 2373 1033 2433 autem
1057 2387 1163 2448 versu,
1187 2388 1279 2452 quem
1302 2369 1409 2434 iambi-

288 2496 358 2543 cum
388 2474 581 2542 octonarium
610 2491 672 2538 non
700 2491 757 2554 pro
784 2470 940 2537 trochaico
968 2470 1145 2551 septenario
1176 2490 1245 2536 cum
1268 2472 1408 2536 Bentieio

288 2578 483 2655 habebimus,
505 2575 580 2641 ordo
603 2575 714 2640 horum
729 2591 876 2638 versuum
898 2571 1006 2638 finitur
1029 2578 1061 2637 et
1084 2573 1174 2638 simul
1197 2592 1267 2638 cnm
1290 2574 1408 2640 ordinis

288 2679 350 2746 fine
370 2675 551 2761 Myrrhinae
573 2675 719 2742 monodia
741 2675 872 2740 desinit:

647 2775 758 2844 Trocb.
782 2784 842 2845 oct.

728 2881 839 2949 Troch.
864 2887 944 2965 sept.

650 2985 760 3050 Troch.
784 2992 843 3052 oct.

726 3087 837 3153 Troch.
860 3089 1019 3171 semisept.

812 3194 909 3258 Iamb.
933 3199 994 3259 oct.

374 3294 453 3360 Turn
469 3291 641 3375 Phidippus
664 3296 711 3359 ira
733 3293 879 3360 incensus
902 3295 992 3360 domo
1008 3313 1065 3360 sua
1080 3313 1115 3360 se
1129 3294 1260 3376 proruit.
1295 3295 1416 3377 Expec-

290 3404 394 3462 tamus
416 3395 514 3476 igitur
535 3415 605 3460 eom
628 3397 729 3478 ipsum
752 3415 877 3479 quoque
899 3397 1088 3478 simulatque
1110 3399 1141 3461 in
1162 3412 1305 3461 scaenam
1322 3399 1416 3479 prod-

290 3495 344 3576 iit,
379 3497 601 3563 excitatissimo
628 3517 774 3563 versuum
803 3517 931 3578 genere,
969 3499 1125 3564 trochaico
1153 3501 1327 3576 octonario,
1357 3502 1414 3565 uti.

291 3601 353 3668 Sed
376 3618 499 3677 versus,
527 3618 618 3682 quem
641 3601 775 3683 primum
799 3603 889 3680 dicit,
916 3602 947 3666 in
971 3602 1113 3667 omnibus
1136 3601 1325 3668 editionibus
1347 3621 1416 3684 ssp-

292 3704 431 3770 tenarius
460 3702 637 3770 trochaicus
666 3709 730 3783 est,
761 3703 916 3770 secundus
944 3710 1000 3769 aut
1026 3705 1204 3770 octonarios
1227 3705 1414 3784 trochaicus

293 3811 328 3871 ut
354 3803 437 3886 apud
460 3803 634 3870 Bentleium
666 3811 698 3871 et
719 3805 1016 3887 Umpienbachium,
1044 3813 1100 3871 aui
1122 3807 1317 3887 septenarius
1339 3805 1416 3870 iam-

291 3909 390 3986 bicus,
414 3913 450 3971 ut
464 3908 547 3986 apud
564 3908 808 3987 Fleckeisenum‚
829 3908 942 3973 tertius
958 3909 1092 3989 denique
1108 3907 1246 3974 omnium
1261 3925 1416 3974 consensu

292 4009 468 4075 trochaicus
497 4011 683 4074 octonarius.
729 4010 885 4075 Conemur
915 4031 952 4077 ex
981 4011 1131 4076 librorum
1158 4010 1313 4090 scriptura
1335 4010 1416 4075 banc

293 4108 519 4175 dubitationem
548 4112 719 4189 editorum,
748 4110 869 4178 sideri
897 4119 1019 4193 potest,
1048 4112 1167 4178 tollere.
1212 4111 1359 4194 Legimus
1383 4113 1414 4176 in

292 4210 457 4278 Bembino:
