3074 4886
655 369 695 434 65

106 579 168 640 cat.
192 579 224 639 at
246 572 371 640 inchoat
399 578 431 639 et
459 573 592 639 claudit:
622 590 754 653 quacum
782 573 929 654 pericopa
956 570 1062 639 nescio
1089 591 1129 638 an
1160 576 1234 654 apte

107 678 190 742 Eun.
200 677 275 741 11.3
299 693 407 741 versus
431 674 537 739 8-10
559 675 693 741 conferri
716 676 845 757 possint.
880 674 1020 740 Alterius
1043 674 1144 756 partis
1166 693 1234 741 ver·

106 798 163 845 sus
186 778 273 844 dubii
295 783 383 844 sunt:
405 783 462 842 aut
484 777 561 842 ordo
583 775 752 843 iambicus:

465 893 564 960 lamb.
588 900 674 977 quat.

560 995 659 1062 lamb.
681 1001 743 1062 oct.

651 1097 748 1165 lamb.
772 1097 930 1182 semisept.

108 1191 166 1252 aut
187 1184 498 1252 iambico-creticus:

489 1286 588 1352 Iamb.
611 1293 696 1368 quat.

571 1385 655 1452 Cret.
679 1394 804 1454 tetram.

644 1486 741 1556 lamb.
765 1495 844 1571 sept.

109 1582 166 1643 aut
187 1576 551 1645 iambico-bacchiadas:

490 1694 587 1760 lamb.
612 1701 697 1776 quat.

569 1797 588 1859 2
613 1798 723 1863 Bacch.
743 1777 871 1862 tetram.

110 1917 296 1982 statuendus
319 1922 376 1982 est.
417 1918 512 1981 Primi
536 1922 640 1982 autem
664 1923 695 1981 et
717 1916 847 1981 secundi
870 1914 989 1982 ordinis
1012 1917 1112 1983 simile
1135 1937 1237 1983 exem-

110 2020 195 2102 plum
218 2017 250 2082 in
267 2014 464 2084 Terentianis
487 2016 600 2082 labuiis
623 2034 684 2080 non
703 2018 853 2082 occurrit:
876 2023 910 2082 at
933 2036 1001 2084 cum
1018 2018 1113 2083 terlio
1129 2019 1238 2084 ordine

111 2126 184 2204 apte
213 2119 348 2187 conferri
375 2126 506 2201 possunt
530 2120 625 2185 Andr.
639 2116 697 2182 Ill.
722 2119 740 2181 2
766 2138 875 2185 versus
898 2119 1012 2186 6-8:
1044 2120 1237 2200 probabilius

111 2223 209 2306 igitur
231 2224 358 2288 tertium
382 2219 522 2288 ordinem
544 2220 739 2301 recipiemus.

197 2324 350 2390 Charinus
373 2331 539 2406 postquam
562 2323 610 2388 his
634 2323 775 2388 versibus
797 2322 933 2405 perfidos
955 2321 1114 2390 hominum
1137 2343 1239 2392 morcs

113 2429 240 2511 carpsit,
263 2445 368 2494 secum
391 2427 494 2491 animo
518 2430 653 2507 reputat,
675 2425 749 2505 quid
768 2425 828 2490 sibi
850 2424 1026 2491 laciendum
1043 2425 1095 2491 sit.
1130 2427 1165 2492 In
1181 2426 1240 2494 hoc

112 2541 252 2614 tempore
267 2528 448 2611 Pamphilus
472 2530 563 2595 dumo
586 2547 643 2594 suu
665 2529 770 2610 prodit
792 2547 829 2594 ac
851 2530 956 2594 statim
972 2527 1142 2594 Charinum
1166 2530 1239 2596 allo·

113 2636 229 2717 quitur.
263 2633 377 2698 Poetae
400 2638 505 2698 autem
529 2631 623 2696 etiam
646 2631 790 2715 colloquii
813 2631 934 2697 initium
955 2633 1084 2696 variatis
1098 2631 1240 2697 versibus

113 2738 271 2802 includere
293 2735 401 2801 libuit:
424 2733 479 2799 sed
503 2733 646 2799 ut'uliam
668 2733 800 2799 actionis
823 2738 954 2815 partem,
977 2731 1024 2797 itu
1046 2734 1139 2798 etiam
1162 2732 1239 2800 alios

114 2857 260 2905 versuum
284 2837 409 2903 ordines
433 2837 578 2902 instituit.
617 2837 686 2901 Duo
714 2837 794 2902 enim
825 2835 950 2901 ordines
979 2835 1241 2902 trochaico-iam·

114 2944 199 3009 bicos
221 2941 360 3023 scripsit,
384 2958 517 3023 quorum
539 2940 619 3005 alter
642 2959 679 3005 ex

523 3060 542 3123 2
566 3059 677 3129 Trocb.
700 3064 778 3141 sept.

616 3158 757 3227 llamb.
782 3167 842 3227 oct.

116 3251 197 3316 alter
219 3268 256 3315 ex

523 3331 669 3402 tTroch.
692 3337 772 3414 sept.

616 3436 635 3499 b
658 3433 757 3501 Iamb.
780 3439 840 3502 oct.

117 3539 304 3622 compositus
328 3544 384 3604 est.

199 3641 455 3722 Insequentibus
473 3640 598 3719 fabulis
612 3639 645 3705 iu
662 3641 825 3721 Eunucho,
849 3642 879 3708 in
897 3643 1239 3722 Hautontimurunreno,

117 3747 147 3812 in
169 3743 371 3823 Phormione,
401 3745 432 3808 in
455 3744 579 3825 Hecyra
611 3743 730 3808 nullum
754 3745 908 3809 canticum
938 3752 1038 3826 extat,
1073 3749 1156 3829 quod
1180 3766 1240 3812 uon

118 3849 257 3914 iambicis
280 3846 329 3912 vel
351 3845 516 3912 trochaicis
540 3846 743 3927 iambicisque
760 3847 899 3911 versibus
916 3847 1070 3914 variatum
1094 3851 1145 3914 sit.
1180 3848 1240 3914 Sed

118 3951 148 4016 iu
171 3949 381 4032 Adelphorum
398 3946 489 4010 IV.4
517 3965 629 4012 scaena
652 3946 851 4012 choriambici
874 3966 983 4013 versus
1013 3968 1177 4015 occurrere
1199 3950 1242 4015 vi·

118 4051 239 4118 dentur.
276 4049 369 4116 Ducti
393 4049 449 4115 viri
479 4050 561 4116 hanc
583 4068 727 4115 scaenam
756 4068 775 4114 a
797 4049 932 4115 librariis
957 4050 1155 4117 vehementer
1178 4060 1245 4120 tur-

120 4156 222 4221 batum
246 4173 314 4219 esse
336 4154 398 4218 rati
422 4151 645 4218 choriambicus
668 4168 814 4215 numeros
843 4149 876 4216 in
904 4149 974 4215 aliis
997 4153 1139 4219 versibus
1163 4155 1245 4224 dele-

120 4264 238 4338 rerunt,
264 4256 294 4322 in
319 4254 390 4321 aliis
414 4261 625 4322 servaverunt.
661 4251 935 4322 Conradtiusvero
949 4275 1094 4324 versuum
1116 4257 1245 4326 distinc-

1073 4362 1089 4414 5
