3074 4886
830 335 870 402 32

745 425 945 435 ---—--.-—

390 540 403 609 ΙΙ
428 541 497 612 Quis
517 555 560 598 me
580 539 625 598 est
644 537 813 599 fortunttior
832 537 1044 612 venustttisque
1065 537 1134 598 edeo
1156 536 1286 611 pleniore

385 631 493 709 'Egone
514 636 541 692 te
562 649 612 707 pro
627 633 681 692 hoc
701 631 799 692 nlntio
819 632 886 706 quid
906 631 1024 691 donem?
1045 631 1132 705 quide
1155 630 1243 703 quid?
1266 631 1374 692 nescio.

288 737 323 790 10
389 727 403 796 ΙΙ
420 725 471 788 'At
490 743 542 802 ego
562 726 632 787 scio·
644 726 656 794 ΙΙ
669 727 760 797 Quies
772 727 784 794 ΙΙ
794 727 876 786 Nihil
897 726 986 787 eninr:

387 821 461 881 Nem
481 835 572 894 neque
593 819 623 877 in
643 819 741 879 nuntio
761 837 850 893 neque
871 821 901 880 in
915 821 1031 895 meipso
1052 821 1107 881 tlbi
1120 820 1187 880 boni
1202 821 1268 894 quid
1283 821 1324 880 sit
1337 820 1418 880 scio.

385 912 500 990 ll‘ldgon
521 915 569 986 qui
589 914 626 972 eb
641 930 704 973 orco
725 914 858 974 mortuom
879 931 923 973 me
944 913 1073 974 reducem
1094 914 1124 973 in
1145 913 1234 974 lucem
1256 913 1357 974 leceris

490 1006 585 1066 Sintm
606 1007 667 1066 sine
687 1024 801 1068 munere
821 1007 839 1068 t
859 1024 902 1068 me
922 1009 1020 1068 abiro?
1047 1009 1083 1067 uh
1109 1008 1226 1068 nimium
1247 1024 1291 1067 me
1311 1007 1416 1082 ingra-

285 1138 369 1220 Ergo
391 1135 471 1201 hano
493 1154 639 1201 versuum
661 1135 911 1202 consecutionem
933 1135 1099 1202 hebemus:
1229 1100 1297 1176 [mm
1316 1102 1416 1175 pum·

645 1248 661 1309 1
686 1247 797 1312 Troch.
819 1251 879 1313 oct.

705 1347 724 1411 3
748 1348 859 1413 Troch.
882 1353 962 1430 sept.

768 1450 783 1511 1
809 1448 907 1515 lamb.
929 1455 989 1514 oct.

707 1552 724 1613 l
748 1550 858 1616 Troch.
882 1557 961 1632 sept.

643 1655 660 1716 l
684 1653 794 1719 Troch.
818 1658 878 1718 oct.

703 1755 722 1816 2
745 1755 856 1820 Troch.
880 1761 959 1836 sept.

707 1858 723 1919 1
748 1856 859 1923 Troch.
882 1857 1039 1940 semisept.

706 1957 725 2021 2
748 1958 859 2025 Troch.
882 1964 961 2041 sept.

767 2065 783 2126 1
807 2061 907 2130 Iemb.
931 2067 991 2130 oct.

285 2175 441 2243 Versuum
470 2173 547 2239 ordo
568 2174 599 2238 in
621 2172 681 2239 hoc
703 2173 824 2239 cantico
846 2174 993 2239 turbatus
1016 2179 1077 2239 est:
1107 2193 1181 2239 nam
1203 2175 1229 2239 si
1252 2175 1315 2241 duo
1337 2173 1409 2238 sim
1492 2185 1498 2202 ·

285 2277 382 2360 plices
412 2276 538 2343 ordines
564 2275 723 2340 statuendi
750 2281 837 2353 sunt,
869 2294 978 2340 versus
1002 2277 1021 2339 6
1044 2276 1194 2342 iambicus
1217 2277 1260 2341 sit
1280 2292 1409 2342 necesse

285 2387 347 2447 est:
371 2381 419 2446 sin
441 2396 523 2445 unus
546 2379 623 2444 ordo
646 2377 853 2460 amplificatus
876 2381 1058 2446 scribendus
1082 2384 1145 2459 est,
1169 2398 1278 2444 versus
1301 2380 1320 2444 5
1344 2384 1409 2444 tro-

283 2481 399 2549 chaicis
424 2481 562 2547 numeris
584 2480 789 2546 includendus
812 2487 869 2545 est.
906 2481 973 2547 Hoc
996 2480 1132 2547 editores
1155 2481 1208 2545 alii
1230 2481 1323 2546 aliter
1344 2479 1407 2546 iem

284 2583 440 2663 lecerunt,
468 2588 504 2648 ut
532 2583 634 2664 legem
657 2581 887 2662 Bentleinnnm,
917 2602 956 2649 ne
982 2582 1111 2665 paribus
1138 2584 1279 2649 versibus
1307 2584 1409 2664 imper

284 2686 520 2762 immisceretur,
543 2689 720 2750 servarent:
744 2681 905 2749 Bentleius
928 2685 994 2766 ipse
1008 2703 1066 2766 pro
1083 2683 1205 2749 dioninse
1221 2684 1296 2748 diue
1311 2686 1406 2764 scrip

284 2786 336 2866 sit,
359 2785 579 2852 Fleckeisenus
601 2786 767 2851 verborum
792 2783 915 2847 duotore
937 2792 970 2852 et
983 2787 1097 2871 opriror
1110 2786 1250 2853 ordinem
1266 2786 1404 2854 invertit:

285 2908 367 2973 quse
394 2893 528 2969 utreque
557 2885 732 2952 emendatio
761 2883 908 2951 facillime
935 2893 993 2953 est
1036 2889 1153 2954 Tamen
1176 2888 1337 2956 fatendum
1360 2895 1405 2954 est

284 3008 351 3084 nos⁸
364 2994 507 3057 neutram
531 2987 762 3070 amplexeturos
785 3007 863 3065 esse,
886 2987 946 3054 nisi
968 2990 1109 3056 ordinem
1125 2998 1267 3057 nostrum
1282 3011 1406 3059 servare
1512 3017 1513 3026 ¹

285 3093 445 3159 vellemus.
490 3091 552 3157 Sed
580 3092 638 3158 hoc
668 3091 768 3172 quivis
790 3089 881 3157 lacile
903 3094 1052 3158 concedet
1082 3095 1239 3175 ordinem,
1262 3112 1354 3175 quem
1376 3095 1405 3158 in

284 3193 448 3276 permultis
476 3193 596 3260 scaenis
625 3211 646 3256 u
673 3197 766 3273 poeta
794 3193 975 3258 institutum
1004 3213 1072 3261 esse
1102 3195 1261 3278 uidemus,
1289 3197 1349 3262 nisi
1375 3196 1406 3260 in

284 3296 459 3379 graviorem
481 3283 697 3378 suspicionem,
720 3312 814 3375 quum
830 3296 887 3362 hoc
903 3295 979 3377 loco,
1001 3296 1073 3363 libri
1087 3298 1252 3378 vocabunt,
1274 3298 1407 3364 abicien-

286 3398 360 3464 dum
388 3416 450 3463 non
478 3415 556 3462 esse.
601 3397 713 3476 ltaque
736 3397 896 3463 consentio
919 3417 989 3463 cum
1012 3399 1185 3466 editoribus
1208 3401 1354 3466 mendum
1375 3399 1406 3465 in

285 3499 375 3566 libris
404 3500 601 3578 delitescere,
629 3516 666 3564 ec
688 3499 871 3564 Bentleiena
898 3502 1131 3582 emendatione,
1161 3520 1241 3584 quae
1270 3501 1344 3565 milri
1367 3503 1406 3568 ob

285 3602 434 3669 meiorem
466 3617 666 3667 numerorum
698 3600 925 3667 iucunditatem
958 3604 1056 3684 magis
1083 3604 1246 3686 probetur,
1281 3609 1407 3685 recepte

285 3703 368 3770 huno
390 3703 612 3785 amplificatum
635 3703 826 3769 trochaicum
850 3704 989 3769 ordinem
1012 3710 1134 3771 statuo:

540 3805 651 3872 Troch.
674 3812 734 3872 oct.

591 3907 701 3972 Troch.
725 3911 804 3987 sept.

539 4008 651 4075 Troch.
674 4013 734 4073 oct.

592 4110 703 4177 Troch.
726 4117 805 4192 sept.
829 4131 899 4177 cum
922 4115 1078 4198 semisept.

642 4211 740 4278 lamb.
764 4218 824 4278 oct.
