3074 4886
680 383 721 451 ta

134 590 290 656 tecsdenti
313 606 406 656 versu
429 588 534 672 colligi
556 589 638 669 licet,
662 587 866 656 indicativum
888 587 919 653 in
942 587 1001 654 hoc
1024 606 1117 654 versu
1138 587 1259 670 praele-

134 694 266 758 rendum
289 711 373 758 esse:

212 830 285 900 Quid
307 827 444 902 estquod
465 828 599 889 lootns's?
625 830 693 904 quid
714 828 768 888 tibi
789 827 853 888 vis?
878 828 952 888 satin
974 827 1104 887 sanns’s?
1129 827 1195 902 qnid
1217 844 1259 887 mo

985 920 1157 995 aospcotasr

135 1044 170 1107 ln
194 1061 286 1107 versu
304 1044 343 1106 12
365 1043 528 1123 genetivus
546 1041 691 1120 hominio,
716 1042 768 1123 qni
785 1042 928 1107 omnibus
943 1039 1032 1106 libris
1049 1039 1186 1106 traditus
1202 1047 1259 1120 est,

134 1145 233 1208 multa
255 1145 432 1210 criticorum
448 1144 606 1209 molimina
623 1142 785 1210 excitavit:
808 1146 863 1209 sed
879 1141 1054 1210 rectissime
1069 1142 1259 1207 Oonrndtins

134 1247 174 1312 ad
203 1247 439 1328 explicationem
463 1248 577 1311 Donati
606 1246 715 1325 rediit,
743 1245 798 1327 qni
825 1247 864 1309 ad
887 1246 970 1310 hunc
992 1245 1094 1309 locnm
1118 1243 1258 1326 scripsit:

134 1349 181 1412 sio
204 1347 321 1412 dicitur
344 1349 438 1412 etiam
462 1349 562 1412 scolas
578 1347 728 1410 hominis:
752 1346 892 1410 Ennius:
916 1369 934 1412 o
947 1346 1053 1431 pictas
1069 1345 1178 1409 animi.
1216 1343 1259 1410 nt

135 1468 243 1516 versus
266 1451 348 1514 sicut
370 1450 458 1514 libris
481 1448 618 1514 traditur
639 1448 701 1530 legi
726 1448 849 1529 nequit:
873 1466 944 1513 narn
960 1449 1043 1512 iusto
1061 1447 1186 1513 brevior
1200 1453 1258 1528 est,

134 1559 170 1617 ut
192 1570 325 1632 sequens
348 1552 430 1616 iusto
453 1551 585 1633 longior.
623 1552 800 1632 Utrumque
822 1556 928 1615 autem
951 1570 987 1617 er
1011 1550 1188 1632 corruptela
1210 1570 1259 1616 ex-

133 1655 309 1736 pediemus,
339 1652 366 1716 si
396 1653 528 1732 primam
556 1671 663 1718 vocem
686 1653 845 1736 sequentis
868 1670 977 1718 versus
999 1652 1033 1716 in
1055 1651 1116 1718 fine
1139 1658 1259 1720 antece·

134 1755 237 1821 dentis
260 1757 506 1838 reposuerimns:
652 1747 658 1760 '

211 1910 282 1981 Quid
304 1910 406 1969 tices?
425 1910 436 1977 ΙΙ
454 1911 477 1969 0
499 1909 589 1970 festus
609 1909 671 1968 dies
692 1909 821 1981 hominis,
844 1909 942 1978 amico,
963 1908 1052 1968 salvo:
1074 1908 1184 1968 nemost

211 2004 370 2076 Homimim,
391 2021 471 2076 quem
493 2021 545 2078 ego
565 2003 696 2063 nunciam
718 2004 809 2078 msgis
830 2001 959 2077 cuperem
972 2003 1067 2062 videro
1088 2002 1171 2076 qoam
1193 2006 1229 2062 te.

133 2149 285 2232 Displicet
312 2157 416 2214 autem
445 2151 542 2224 ictus,
573 2167 634 2231 puo
663 2148 796 2212 tomellis
819 2147 947 2227 feritur,
976 2168 1067 2230 quem
1091 2148 1194 2216 nescio
1218 2169 1257 2214 an

133 2258 205 2333 apte
228 2253 383 2334 fugiamus
407 2254 534 2321 vocibus
558 2254 662 2333 festus
685 2259 717 2318 et
740 2249 805 2314 dieo
828 2251 971 2316 inversis:

210 2390 282 2459 Quid
304 2389 400 2449 tices?
413 2390 464 2457 llO
486 2390 547 2450 dios
568 2389 657 2449 iestis
679 2389 811 2463 hominis,
832 2387 928 2461 amice,
950 2385 1041 2446 salvo:
1062 2385 1180 2448 nemost.

645 2602 685 2666 ΙΙ.
710 2601 738 2664 3.

219 2742 381 2806 Transitus
405 2741 513 2805 iisdem
538 2739 675 2805 numeris
697 2745 791 2818 atque
815 2739 1035 2804 antecedentes
1057 2739 1168 2804 cantici
1191 2758 1259 2804 ver-

133 2862 187 2907 sus
218 2842 358 2908 inclusus
386 2849 451 2922 est,
483 2843 533 2906 ubi
565 2839 619 2906 alii
647 2848 717 2922 post
747 2841 914 2906 transitum
943 2859 1053 2906 versus
1083 2849 1257 2922 ponuntur:

134 2946 231 3011 Haut.
249 2947 285 3008 V.
302 2946 331 3010 3.
350 2946 400 3023 21,
419 2945 514 3010 Andr.
533 2945 556 3008 Ι.
572 2945 600 3007 5.
618 2943 754 3022 32-34,
770 2941 846 3009 Hac.
863 2944 920 3008 III.
937 2945 964 3006 1.
977 2943 1113 3022 34-36,
1131 2943 1257 3010 nutv.

137 3051 164 3110 l.
181 3047 316 3110 21-23.

218 3150 335 3228 Quodsi
358 3154 480 3214 constat
503 3147 668 3212 transitum
685 3145 821 3228 propriis
837 3147 974 3212 numeris
989 3147 1039 3211 hic
1054 3145 1117 3211 illic
1132 3165 1150 3212 a
1166 3153 1259 3229 poeta

133 3252 286 3317 inclusum
318 3271 400 3324 esse,
430 3251 506 3315 nulli
537 3251 648 3314 mirmn
680 3249 839 3328 videatur,
869 3251 950 3330 quod
975 3250 1139 3314 Terentius
1163 3248 1257 3313 etiarn

131 3355 253 3436 longius
277 3373 463 3436 progressus
486 3355 516 3417 in
541 3353 676 3417 transitu
700 3353 838 3417 membra
860 3353 1013 3434 quaedam
1036 3349 1167 3415 variatis
1191 3369 1273 3414 ver·-

132 3457 219 3521 sibns
248 3459 377 3523 astricta
407 3456 522 3539 posuit.
569 3455 606 3520 In
638 3455 776 3521 Andriae
800 3454 893 3521 lII.5
921 3473 1035 3520 scaena
1062 3459 1134 3535 post
1161 3451 1272 3519 iamb.

131 3556 307 3623 octonarios
330 3557 428 3622 troch.
453 3557 529 3624 ordo
551 3557 675 3638 legitur,
699 3574 761 3640 qno
784 3555 824 3622 ad
847 3556 945 3623 troch.
963 3555 1157 3638 septenarios
1173 3560 1276 3622 tran-¹¹

132 3660 213 3726 situr
235 3658 286 3742 (cl.
310 3677 360 3741 pg.
379 3659 419 3724 10
434 3660 508 3743 sq.):

133 3819 169 3872 10
207 3811 293 3872 Visus
314 3829 384 3874 sum.
397 3812 409 3880 ΙΙ
425 3813 565 3885 Ehodum,
591 3812 666 3873 bdne
688 3810 737 3886 vir,
765 3811 833 3886 quid
853 3812 914 3873 ais?
940 3811 1022 3872 viden
1043 3827 1087 3871 mo
1108 3810 1168 3872 tuis
1190 3829 1258 3872 con·

930 3904 1004 3966 siliis
1023 3903 1155 3966 misorum

225 3969 228 3974 Ι
285 3997 465 4075 ‘impeditum
492 4003 572 4060 osse?
589 3999 601 4068 ΙΙ
617 3998 668 4060 'nt
694 3999 750 4059 iam
774 3999 928 4076 expediam.
942 3999 955 4067 ΙΙ
971 3997 1130 4073 llxpddios?
1142 3999 1155 4067 ΙΙ
1171 3999 1258 4072 Certo,

360 4189 469 4264 Nempe
489 4186 522 4249 nt
540 4187 629 4250 modo.
641 4188 654 4256 ΙΙ
665 4188 751 4248 Immo
771 4185 872 4248 melius
892 4201 982 4260 sporo.
994 4092 1208 4262 {fotffllzgioego
1225 4187 1257 4248 ut

879 4278 997 4356 credam,
1018 4277 1155 4340 fdrcilort
