3074 4886
688 292 729 356 43

602 377 803 388 ——n

225 494 262 559 In
290 494 433 560 versibus
461 499 567 560 antem
592 493 725 558 16-18
749 494 833 562 docti
855 494 914 558 viri
937 493 992 558 alii
1015 493 1109 560 aliam
1132 494 1267 576 interpo-

140 598 287 665 lationem
318 599 503 664 detexerunt
533 596 637 663 etalii
661 597 722 662 alia
744 597 841 662 verba
863 597 1051 663 removenda
1075 614 1143 662 esse
1165 615 1271 662 censu-

140 706 242 766 erunt.
288 701 529 769 Concedendum
559 707 609 766 est
636 720 734 782 paene
762 700 942 782 languidam
971 700 1002 765 in
1026 699 1076 764 his
1098 700 1203 765 verbis
1226 700 1271 765 lo·

140 806 330 888 quacitatem
358 807 460 871 inesse
488 811 520 871 et
548 822 629 885 quae
660 803 754 868 nullis
783 802 1009 884 interpretandi
1036 801 1178 868 artificiis
1202 801 1270 867 tolli

138 909 254 990 possit:
278 927 379 990 neque
402 912 505 972 tamen
528 908 606 972 haec
629 907 724 972 verba
746 909 903 972 sententia
924 924 1015 972 cassa
1037 911 1120 982 sunt,
1144 909 1179 968 ut
1194 922 1270 969 non·

139 1010 217 1075 nulli
245 1009 425 1091 opinantur.
470 1009 558 1074 Uxor
589 1008 690 1088 dicia
708 1009 885 1091 Numquam
910 1007 1059 1075 confiteor
1081 1026 1185 1072 meum
1208 1025 1270 1072 non

139 1129 210 1176 esse
237 1109 352 1191 filium,
379 1110 433 1194 qui
464 1111 505 1175 sit
535 1128 632 1176 meus.
686 1111 764 1176 Tum
795 1113 926 1176 maritus
955 1109 1133 1176 cavillatur:
1165 1109 1269 1189 Quid?

140 1216 261 1293 metuis,
284 1233 323 1279 ne
345 1233 421 1292 nou,
444 1210 620 1292 cumvelis,
644 1213 808 1278 convincas
832 1233 899 1278 esse
921 1213 1009 1277 illum
1033 1210 1146 1278 tuum?
1183 1212 1269 1278 Uxor

138 1316 322 1398 respondet:
345 1321 395 1382 An
417 1322 527 1398 putas,
556 1315 630 1395 qnia
653 1314 767 1394 filiam,
794 1333 876 1396 quae
899 1317 1040 1397 exposita
1062 1321 1144 1389 erat,
1168 1332 1268 1380 meam

138 1437 208 1484 esse
229 1425 293 1484 tam
316 1419 406 1484 facile
429 1417 563 1498 convici,
586 1436 636 1483 me
658 1417 736 1483 item
759 1417 849 1484 facile
872 1419 1050 1501 crepundiis
1074 1417 1178 1484 nescio
1200 1416 1268 1498 qui-

138 1520 197 1585 bus
228 1524 441 1588 convicturum
475 1539 544 1586 esse
571 1519 687 1595 filium,
724 1539 816 1600 quem
844 1539 947 1586 meum
979 1539 1048 1587 esse
1078 1519 1266 1603 negaverim,

138 1641 240 1688 meum
257 1627 347 1692 essai
370 1623 487 1689 Gontra
503 1623 652 1688 maritus:
676 1621 814 1703 Minime,
837 1632 1055 1705 argumentum
1072 1623 1267 1704 inpromptu

138 1729 200 1806 est,
230 1745 292 1807 quo
320 1726 406 1791 illum
429 1734 517 1791 tunm
541 1743 610 1791 esse
632 1726 731 1791 multo
754 1728 853 1807 magis
877 1729 1066 1794 credendum
1089 1735 1152 1806 est,
1183 1727 1267 1809 qnod

138 1827 169 1890 in
201 1826 407 1894 similitudine
441 1847 562 1893 morum
591 1831 728 1908 positum
759 1837 823 1896 est:
856 1834 1019 1898 convinces
1049 1832 1139 1898 iacile
1168 1847 1205 1893 ex
1234 1833 1267 1894 te

136 1934 261 1993 uatum:
285 1949 355 1995 nam
379 1930 427 1994 tui
450 1930 559 1994 similis
582 1938 631 1995 est
653 1933 759 2011 probe.
803 1935 965 1998 Sententia
988 1936 1101 2016 igitur,
1128 1951 1209 2014 quae
1231 1931 1264 1996 iu

137 2049 229 2096 versu
255 2033 293 2095 17
324 2034 421 2108 inest,
451 2035 599 2098 inversu
624 2033 663 2097 18
686 2034 791 2116 paullo
815 2036 941 2100 uberius
965 2036 1151 2116 effunditur,
1182 2035 1265 2099 unde

136 2130 181 2212 fit,
203 2137 240 2198 ut
261 2133 434 2217 loquacitas
457 2137 609 2218 quaedam
633 2137 663 2200 in
688 2137 737 2202 his
760 2139 863 2205 verbis
887 2139 1051 2233 sentiatur,
1074 2156 1264 2220 quamquam

137 2256 197 2303 non
221 2242 284 2304 tam
308 2239 446 2304 absurda
468 2245 525 2318 est,
548 2257 642 2321 quam
665 2259 726 2304 non
750 2260 787 2306 ex
810 2242 948 2322 vulgaris
971 2242 1122 2307 sermonis
1138 2260 1196 2308 usu
1215 2261 1265 2306 ex·

135 2338 252 2420 plicare
278 2343 444 2424 possimus.
489 2342 593 2421 Quare
616 2361 677 2408 non
701 2362 770 2408 esse
793 2344 883 2410 nobis
906 2343 1045 2423 videtur,
1075 2364 1130 2411 cur
1153 2346 1265 2427 impro-

136 2443 240 2510 babile
266 2445 771 2527 interpolatorisadditamentum
795 2465 865 2512 cum
889 2445 1064 2514 editoribus
1088 2453 1264 2514 statuamus

137 2545 334 2626 traditosque
357 2565 465 2612 versus
489 2547 688 2613 dissecemus.

221 2649 352 2714 Omissis
374 2649 488 2714 ceteris
511 2650 760 2733 quaestiunculis
779 2671 859 2732 quae
877 2660 952 2717 sunt
967 2653 1005 2716 de
1021 2653 1153 2734 singulis
1168 2651 1264 2735 scrip-

134 2757 226 2818 turae
252 2753 471 2833 discrepantiis
501 2774 582 2820 nnnc
609 2756 734 2820 ordines
763 2776 909 2822 versuum
941 2757 1161 2839 respiciamus:
1191 2756 1265 2820 inci·

134 2853 228 2937 piuut
249 2854 373 2920 iambici
396 2858 560 2937 octonarii,
582 2859 696 2939 quibus
719 2858 872 2924 trochaici
890 2859 1060 2940 septenarii
1076 2862 1263 2925 succedunt:

136 2957 247 3022 deinde
269 2957 393 3023 iambici
417 2959 569 3023 octonarii
585 2965 783 3040 repetuntur,
806 2978 885 3042 quos
901 2959 1016 3026 iterum
1032 2961 1181 3027 trochaici
1195 2979 1265 3041 sep

135 3060 247 3124 tenarii
274 3059 445 3143 excipiunt:

212 3195 310 3262 lamb.
334 3203 394 3262 oct.
418 3215 445 3263 c.
467 3198 560 3266 iamb.
585 3207 671 3282 quat.
728 3202 825 3267 Iamh.
849 3208 910 3268 oct.
933 3223 959 3269 c.
984 3205 1076 3270 iamb.
1100 3208 1185 3284 quat.

276 3298 386 3365 Troch.
410 3308 489 3382 sept.
788 3304 898 3370 Troch.
924 3312 1002 3387 sept.

134 3436 289 3502 iambicus
311 3436 543 3517 quaternarius,
566 3440 619 3518 qui
636 3439 667 3505 in
684 3447 819 3519 utroque
834 3442 943 3508 ordine
959 3442 1263 3510 iambico-trochaico

134 3537 281 3617 occurrit,
303 3538 448 3606 binorum
470 3559 619 3608 versuum
643 3549 763 3624 partem
787 3543 916 3624 claudit:

544 3662 642 3730 lamb.
666 3669 729 3729 oct.

543 3764 641 3834 Iamh.
665 3773 726 3834 oct.

605 3868 703 3937 Iamb.
727 3878 813 3955 quat.

132 3994 318 4073 postquam
341 3997 462 4074 partem
485 3992 516 4057 in
541 3993 644 4074 priore
666 3995 778 4060 ordine
800 3994 938 4078 primum
961 3997 1085 4064 iambici
1101 3998 1261 4077 octonarii,

133 4092 245 4158 deiude
268 4093 417 4159 trochaici
440 4096 609 4176 septenarii
632 4096 818 4179 succedunt,
846 4099 879 4165 in
902 4100 1002 4166 altero
1025 4100 1133 4166 ordine
1155 4100 1262 4167 statim

133 4193 281 4261 trochaici
305 4197 473 4278 septenarii
495 4198 702 4266 subiciuntur.

1378 757 1393 785 Ι
