3074 4886
675 329 716 397 63

128 559 207 624 cona
228 544 291 619 est,
315 558 396 622 quas
417 538 551 604 iambico
574 537 829 618 semiseptenaria
851 534 1025 616 clauditur,
1053 533 1155 602 altera
1175 552 1250 618 pars

128 648 185 710 aut
206 640 522 726 iambico-trochaica,
546 647 601 707 aut
622 641 757 708 iambica
778 647 839 707 est:
863 658 938 706 nam
961 646 1020 706 aut

537 791 609 859 Seu.

602 896 701 962 lamb.
724 902 785 963 oct.

643 999 754 1066 Troch.
779 1004 858 1080 sept.

539 1185 610 1252 Sen.

601 1289 621 1350 2
644 1287 742 1355 lamb.
765 1293 826 1355 oct.

128 1425 253 1509 legendi
275 1426 421 1492 videntur
443 1443 522 1491 ease.
568 1422 629 1490 Sed
653 1443 723 1491 cum
743 1421 1066 1490 iambico-trochaicis
1092 1422 1256 1490 ordinibus

127 1547 298 1611 numquam
332 1532 397 1595 tres
432 1545 541 1593 versus
569 1529 671 1593 varios
705 1527 944 1610 comprehensos
975 1544 1044 1590 esse
1073 1525 1255 1604 viderimus,

128 1631 322 1714 probabilius

539 1735 555 1796 1
582 1732 653 1799 Seu.

600 1835 743 1901 dlamb.
766 1841 826 1900 oet.

128 1945 315 2005 statuemus,

212 2056 352 2123 Creticus
386 2061 490 2121 autem
524 2061 556 2120 et
583 2053 765 2120 baocbiacos
794 2073 911 2121 versus·
930 2061 1024 2137 poeta
1052 2055 1086 2120 in
1116 2054 1254 2120 eiusdem

127 2160 252 2227 labulae
267 2160 355 2225 1v.1
388 2176 502 2224 scaena
531 2158 727 2222 coniunxisse
757 2159 839 2223 inter
866 2177 900 2224 se
922 2157 1056 2222 videtur.
1100 2153 1255 2222 Charinus

127 2263 311 2328 adulescens
344 2261 485 2342 longiore
518 2257 682 2340 soliloquio
718 2257 880 2341 perfidiam
917 2257 1075 2324 bominum
1112 2260 1254 2342 castigat,

128 2382 221 2445 quam
244 2364 479 2445 castigationem
503 2368 596 2445 poeta
617 2362 666 2426 his
690 2362 831 2427 versibus
855 2361 997 2426 inclusit:

406 2532 542 2592 Hocinest
560 2533 696 2593 credibile
716 2532 766 2592 adt
786 2531 975 2603 manuatim,

207 2625 298 2687 Tanta
318 2625 448 2685 usodrdia
468 2625 567 2685 innita
587 2626 715 2700 cuiquam
736 2626 768 2684 dt
787 2626 852 2698 siet,

203 2718 254 2780 'Ut
273 2719 356 2780 malis
376 2718 520 2794 gaudeant
539 2719 624 2794 atqua
646 2737 680 2778 sn
700 2719 884 2780 incommodis

204 2811 344 2875 'Allorids
364 2831 415 2873 sua
435 2815 466 2872 ui
485 2813 646 2888 cdmparent
666 2814 827 2873 obmmodal
848 2814 895 2874 nh

149 2914 166 2966 5
204 2904 314 2967 'ldnsst
333 2911 448 2967 aarum?
468 2907 551 2968 immo
573 2909 601 2965 id
622 2910 667 2966 est
686 2908 776 2983 genus
797 2909 942 2968 hominum
963 2907 1131 2983 pessumum,
1152 2907 1181 2966 in

205 3001 376 3076 anogendd
396 3003 476 3062 modo
497 3003 562 3076 quis
582 3003 671 3076 pudor
690 3004 804 3079 paullum
824 3003 918 3063 adast:

206 3095 275 3156 Post
295 3097 345 3156 ubi
364 3096 489 3173 tempnsi
509 3097 647 3171 promissa
667 3097 722 3156 iam
743 3097 852 3173 perlici,

205 3189 274 3248 Tim
296 3191 387 3250 coacti
406 3189 564 3251 necessario
585 3207 615 3252 so
636 3189 781 3266 aperiunt:

203 3280 251 3343 'Et
271 3285 379 3358 timent,
400 3284 430 3345 ot
449 3287 543 3345 tamen
564 3285 608 3345 rds
629 3285 730 3360 premit
750 3284 900 3360 ddnsgars:

130 3379 166 3435 10
202 3375 259 3436 ‘Ibi
279 3380 338 3437 bum
359 3395 454 3438 sorum
475 3378 719 3454 inpudentissuma
739 3379 869 3439 oratiost:

333 3473 402 3544 Quis
421 3475 452 3532 iu
474 3476 525 3531 os?
545 3471 609 3546 quis
629 3472 701 3530 mihi
720 3471 770 3531 ds?
791 3473 840 3532 odr
860 3491 948 3533 msam
970 3475 1044 3534 tibi?

205 3566 293 3637 Heus,
314 3566 465 3641 prdxumus
486 3584 547 3625 sum
569 3564 680 3640 egomet
699 3567 778 3625 mihi.

281 3661 321 3719 ut
340 3660 432 3721 tdmen
453 3660 503 3720 ubi
523 3659 612 3720 fiddsl
635 3660 658 3720 si
680 3660 771 3735 roges,
792 3661 864 3721 nibil
885 3662 992 3738 pudent
1011 3663 1068 3739 hio,

281 3753 338 3812 Ubi
359 3753 430 3829 bpus
451 3757 508 3814 ast:
530 3754 572 3813 illi
592 3754 643 3814 dbi
663 3754 735 3814 nihil
755 3755 849 3830 epist,
868 3756 911 3816 ibi
931 3758 1071 3819 verdntur.

129 3912 264 3980 Versum
283 3916 297 3977 1
322 3915 417 3981 huius
440 3915 598 3997 soliloquii
619 3915 673 3982 alii
695 3917 766 3984 aliis
788 3918 920 3999 pedibus
942 3921 1042 3986 mensi
1064 3926 1147 3987 sunt.
1184 3920 1252 3988 Pri·

128 4035 197 4082 mus
229 4017 412 4098 Spengelius
444 4024 530 4084 recte
564 4019 741 4084 observavit
776 4020 1071 4103 antepaenultimam
1099 4022 1250 4105 syllabam

127 4120 210 4186 vocis
240 4117 347 4184 dociae
375 4139 499 4202 semper
520 4126 696 4202 correptam
718 4139 796 4186 esse.
841 4121 953 4205 Itaque
975 4123 1174 4191 doctissimus
1196 4125 1250 4192 ille

127 4221 176 4287 vir
197 4223 387 4289 trochaicum
410 4223 576 4288 dimetrum
598 4222 881 4305 hypercatalectum
906 4226 1083 4294 aTcrentio
1099 4229 1248 4312 scriptum
