3074 4886
590 342 791 440 Δ,-

132 545 193 610 nisi
226 539 308 628 quod
341 563 397 627 pro
427 545 666 609 metusmetus
695 545 832 626 genetivi
861 545 991 610 formam
1024 563 1084 611 non
1117 551 1256 613 contrac-

131 655 195 713 tam
224 650 376 728 restituit,
407 667 487 729 quae
515 667 586 713 cum
608 647 745 714 Terentii
772 651 876 712 aetate
903 663 960 728 pro
987 653 1149 713 contracta
1177 648 1256 713 obti-

131 753 237 817 nuisse
259 753 404 818 videatur
425 751 476 836 (ci.
500 749 654 816 Bttcbeler
676 750 731 813 lat.
754 750 831 814 decl.
855 767 906 830 pg.
922 749 1047 830 3lsq.),
1072 751 1138 816 sine
1161 750 1255 815 dubio

131 853 311 936 recipienda
340 858 397 918 est.
443 853 511 931 Qua
534 851 729 916 Fleckeiseni
752 851 967 916 emendatione
990 851 1166 917 trochaicus
1188 871 1256 934 sep

112 967 115 972 '
132 956 282 1034 tenarius,
306 975 397 1038 quem
414 956 573 1020 Bentleius
590 953 835 1032 desideraverat,
857 955 1041 1033 necopinato
1058 954 1257 1020 etiamBem·

132 1057 197 1123 bini
226 1059 412 1122 auctoritate
446 1056 667 1139 comprobatus
702 1061 759 1121 est.
804 1053 915 1136 ltaque
947 1056 1089 1138 plerique
1121 1057 1257 1123 editores

132 1163 225 1227 etiam
263 1177 387 1225 versum
421 1164 619 1240 sequentem,
657 1157 707 1224 cui
741 1158 902 1222 Bentleius
931 1179 993 1240 per
1025 1156 1256 1238 praepositione

131 1263 164 1328 in
188 1262 226 1326 de
247 1267 368 1328 mutata
390 1261 565 1328 trochaicus
587 1277 733 1325 numeros
755 1259 976 1338 adaptaverat,
1007 1258 1040 1322 in
1064 1259 1255 1327 trochaicum

131 1367 342 1446 septenarium
370 1363 599 1428 immutandum
627 1379 695 1426 esse
724 1364 927 1435 censuerunt,
955 1358 1089 1426 Bentleii
1111 1361 1165 1426 illa
1187 1364 1255 1444 lege

132 1465 233 1547 ducti,
267 1485 306 1531 ne
335 1467 463 1546 paribus
492 1465 633 1530 versibus
659 1463 761 1544 impar
790 1461 1027 1528 immisceretur.
1072 1463 1134 1528 Sed
1165 1463 1255 1528 nobis

131 1570 226 1652 leges,
249 1570 362 1650 quibus
384 1586 531 1634 versuum
553 1565 731 1632 consecutio
750 1571 887 1646 regatur,
910 1565 1133 1646 indagantibus
1148 1583 1254 1631 omnes

131 1671 328 1738 coniecturae
350 1670 571 1754 improbandae
594 1673 696 1745 erunt,
718 1685 800 1749 quae
823 1687 860 1732 ex
882 1669 1113 1748 compositionis
1133 1668 1254 1750 legibus

131 1772 234 1837 dubiis
262 1779 294 1837 et
314 1770 442 1838 incertis
464 1772 622 1854 proiectae
645 1777 728 1835 suut.
772 1770 876 1847 Quare
898 1789 999 1850 neque
1021 1787 1090 1835 cum
1113 1768 1255 1838 Bentleio

131 1897 204 1938 nara
227 1872 266 1937 dc
287 1875 352 1936 eius
373 1895 438 1936 unc
458 1892 558 1956 neque
581 1891 651 1938 cum
673 1871 874 1938 Fleckeiseno
896 1893 969 1934 uam
992 1872 1057 1934 ce'uc
1073 1893 1136 1956 per
1158 1895 1255 1936 auom

132 1976 319 2052 scribemus,
346 1975 407 2054 ¹sed
445 1994 515 2040 cum
545 1972 791 2056 Umplenbachio
825 1974 945 2040 tradita
974 1975 1069 2041 verba
1098 1997 1254 2060 comper

132 2079 201 2142 ciue
222 2099 320 2142 unam
341 2078 554 2144 retinebimus.
599 2143 602 2150 ,

218 2182 335 2260 Quodsi
357 2181 467 2246 versus
489 2199 527 2246 ex
549 2165 699 2246 librorum
721 2179 910 2246 auctoritate
931 2183 1017 2244 recte
1039 2178 1149 2262 scripti
1171 2187 1254 2259 suut,

132 2289 263 2364 apparet
285 2283 362 2347 duos
379 2283 416 2346 in
439 2283 497 2347 bac
520 2299 632 2347 scaena
653 2298 799 2346 versuum
821 2281 946 2345 ordines
969 2282 1153 2347 statuendos
1176 2302 1253 2361 esse,

130 2402 263 2469 quorum
292 2386 377 2466 prior
405 2403 425 2448 a
451 2389 599 2464 quattuor
623 2382 786 2447 trochaicis
809 2382 977 2447 octonariis
1000 2400 1090 2448 orsus
1113 2384 1153 2448 ad
1175 2385 1254 2452 duos

130 2487 304 2554 trochaicus
326 2485 522 2568 septenarios
544 2484 668 2560 transit,
691 2502 769 2564 quos
792 2490 861 2549 octo
883 2484 1009 2550 iambici
1032 2487 1184 2552 octonarii
1207 2507 1255 2554 se·

130 2596 278 2673 quuntur.
322 2588 411 2652 Alter
440 2591 517 2654 ordo
547 2608 566 2653 a
595 2588 718 2653 duobus
746 2586 910 2654 trochaicis
939 2590 1107 2654 octonariis
1134 2589 1252 2672 incipit,

129 2709 208 2773 quos
231 2693 293 2756 duo
316 2691 464 2758 trochaici
488 2691 656 2771 septenarii
679 2697 711 2754 et
733 2708 813 2755 unus
835 2689 989 2755 iambicus
1008 2694 1187 2757 octonarius
1203 2711 1254 2757 ex·

130 2793 257 2875 cipiunt.
302 2791 462 2860 Habemus
484 2793 581 2873 igitur
602 2793 685 2859 hunc
707 2809 854 2857 versuum
875 2792 1032 2859 ordinem:

493 2894 603 2959 Troch.
648 2901 750 2961 octon.

575 2997 686 3062 Troch.
730 3004 849 3079 septen.

659 3100 764 3173 lamb.
809 3107 910 3166 octon.

129 3221 221 3285 quem
249 3201 297 3268 bis
320 3201 466 3284 deinceps
488 3220 549 3268 non
572 3221 661 3282 casu,
690 3203 745 3268 sed
767 3203 898 3270 consilio
919 3221 938 3267 a
960 3207 1054 3286 poeta
1074 3203 1252 3270 institutum

130 3323 199 3372 esse
221 3308 394 3372 credemus.
1247 3304 1250 3309 ’

214 3409 313 3487 Quem
336 3428 482 3475 versuum
503 3409 645 3474 ordinem
667 3409 699 3473 in
722 3408 878 3474 nonnullis
901 3409 1021 3474 scaenis
1040 3407 1102 3473 iam
1118 3407 1252 3474 Bornius

130 3515 214 3576 recte
244 3516 402 3593 perspexit
430 3513 547 3594 (progr.
577 3511 680 3592 Magd.
711 3510 856 3594 pg.15):
891 3510 947 3575 sed
974 3530 1045 3576 cum
1073 3510 1252 3575 doctissimo

129 3612 195 3676 viro
216 3612 366 3678 librorum
388 3614 563 3695 scripturae
585 3612 798 3694 inspiciendae
820 3612 954 3678 facultas
977 3613 1052 3677 data
1074 3631 1135 3678 non
1158 3619 1251 3692 esset,

129 3718 178 3779 tot
206 3720 333 3800 tamque
361 3717 463 3780 varios
485 3715 596 3781 horum
617 3733 764 3780 versuum
787 3715 912 3780 ordines
935 3734 952 3780 e
975 3715 1135 3781 doctorum
1158 3715 1253 3781 homi-

129 3835 203 3881 num
219 3818 443 3884 mutationibus
458 3816 613 3899 proiectos
629 3815 833 3896 coacervavit,
857 3827 893 3882 ut
908 3816 1025 3882 nullam
1041 3817 1072 3881 in
1088 3817 1126 3882 iis
1140 3816 1251 3900 legem,

129 3917 185 3983 sed
214 3935 331 3983 meram
354 3917 511 3986 licentiam
535 3918 813 4002 deprehendamus.
857 3918 922 3983 Nos
944 3919 1093 3984 librorum
1116 3920 1251 3984 auctori·

128 4026 225 4086 tatem
255 4015 376 4100 semper
405 4027 571 4102 sequentes
598 4027 719 4086 ceteras
748 4020 843 4085 huius
872 4019 997 4101 generis
1027 4039 1155 4086 scaenas
1181 4041 1252 4103 per·

127 4121 307 4201 lustremus,
331 4129 367 4188 ut
388 4123 442 4189 ubi
464 4121 536 4187 libri
558 4123 700 4201 eundem,
723 4124 777 4188 ubi
799 4121 895 4188 alium
912 4122 1024 4187 horum
1038 4141 1185 4189 vemuum
1201 4141 1251 4188 or·

129 4227 232 4292 dinem
264 4225 468 4302 tradiderint,
505 4244 737 4308 cognoscamus.
789 4226 868 4290 Nam
898 4224 926 4290 si
956 4243 1080 4306 semper
1106 4225 1187 4292 aliae
1216 4226 1249 4290 in
