3074 4886
693 354 734 419 29

611 440 811 450 —u———a-——a

271 558 347 630 Quod
371 574 462 632 neque
486 558 528 618 uti
554 556 674 617 devitem
699 557 757 617 scio
783 573 872 631 neque
898 556 952 631 qud
977 557 1056 617 modo
1077 575 1120 618 me
1135 558 1201 618 inde
1221 557 1270 618 dx·

271 653 345 712 Nam
366 669 420 711 non
440 653 535 726 potest
556 651 641 711 calari
656 656 752 710 nostra
766 651 870 711 dlutius
885 651 939 710 ium
954 652 1081 712 andacia.
1135 653 1270 726 [traham

273 744 285 813 ΙΙ
296 746 368 816 Quid
389 745 448 804 illio
468 744 621 804 commatris
641 745 736 804 venit?

147 866 259 946 Itaque
288 868 314 930 si
342 865 538 947 insequenti
568 864 781 944 disputatione
809 883 935 930 causam
965 866 1188 945 nanciscemur,
1216 883 1271 931 cur

148 969 321 1035 trochaicos
337 987 445 1034 versus
467 967 691 1048 praeferamus,
711 987 771 1032 non
789 967 1000 1033 dubitabimus
1014 985 1160 1033 versuum
1176 967 1271 1048 pedes

148 1071 192 1136 sic
214 1072 262 1135 nti
284 1089 379 1150 supra
401 1071 512 1152 scripsi
535 1089 692 1136 enarrare.

234 1173 311 1238 Tum
335 1192 458 1238 versum
488 1174 652 1255 septimum
680 1173 840 1239 Bentleins
869 1173 1036 1239 iambicum
1066 1173 1270 1252 octonarium,

148 1280 291 1340 octavum
322 1281 354 1341 et
383 1294 498 1340 nonum
525 1277 698 1342 trochaicus
728 1277 922 1359 septenarios
952 1293 1022 1341 esse
1048 1273 1162 1352 voluit,
1192 1293 1270 1356 quos

148 1393 255 1440 omnes
285 1375 420 1441 editores
442 1381 635 1457 receperunt.
680 1373 879 1442 Hermannus
901 1381 1011 1441 contra
1033 1381 1099 1441 tres
1121 1375 1270 1442 iambicos

147 1494 258 1543 uersus
286 1475 349 1558 legi
379 1476 466 1540 iubet
494 1476 524 1538 in
548 1476 585 1540 el.
609 1477 708 1541 doctr.
731 1494 771 1540 m.
795 1495 845 1558 pg.
861 1475 935 1554 173,
965 1477 1014 1541 eui
1042 1493 1098 1541 nos
1121 1477 1270 1543 assentiri

148 1578 311 1657 malumus,
334 1578 468 1659 primum
486 1579 559 1659 quia
574 1576 723 1644 librorum
740 1578 928 1660 scripturam
944 1596 1037 1659 qnam
1053 1596 1144 1643 nemo
1156 1597 1270 1645 vexare

147 1680 263 1758 debuit,
287 1681 434 1746 intactam
457 1681 602 1756 servavit,
626 1679 738 1745 deiude
760 1681 833 1761 quia
853 1679 1027 1745 trochaicus
1051 1680 1177 1745 ordines
1192 1699 1269 1746 sem·

145 1801 203 1864 per
229 1781 370 1848 iambicis
397 1799 565 1863 numquam
592 1781 732 1846 iambicis
755 1787 788 1846 et
810 1780 978 1846 trochaicis
1001 1782 1142 1847 versibus
1164 1781 1269 1848 claudi

146 1883 297 1949 unimus:

351 2001 421 2061 'lum
441 2001 575 2076 limporis
595 2002 666 2060 mihi
685 2002 819 2077 pdnotum
839 2001 875 2062 ad
891 2003 963 2061 hano
984 2017 1040 2060 rem
1056 2004 1111 2061 est:
1134 2002 1198 2064 drus
1217 2004 1269 2064 ad·

787 2097 837 2155 est
849 2095 861 2164 l
873 2095 944 2165 Quid
965 2093 1033 2154 illde
1053 2096 1166 2157 maliet?

352 2186 366 2255 11
385 2189 474 2262 Quod,
489 2205 550 2248 cum
572 2188 701 2263 addierit,
723 2190 796 2262 quod
817 2189 876 2248 iius
891 2189 1041 2250 remedium
1055 2190 1196 2250 inveniam
1211 2191 1267 2252 ira-

1029 2283 1166 2344 nundinet

350 2375 515 2449 hoquame?
542 2375 698 2436 incendam.
731 2377 859 2437 ticcam?
884 2377 1025 2450 instigem.
1057 2377 1173 2451 pdrgem
1203 2382 1266 2438 mel

930 2470 1046 2530 intersim
1066 2471 1165 2531 lavem.

145 2581 221 2648 Post
243 2583 299 2648 hos
323 2602 431 2648 versus
455 2583 539 2647 redit
559 2583 714 2664 poeta-ad
738 2581 914 2648 octonarios
938 2581 1127 2647 trochaicus:

183 2719 248 2779 Heri
258 2736 301 2778 me
313 2719 458 2777 miserum!
480 2719 541 2777 cdm
554 2719 623 2776 milri
633 2735 729 2793 paveo,
742 2719 800 2776 tum
810 2715 947 2792 ‘Antipho
962 2733 1005 2782 me
1017 2716 1160 2776 exordciat
1170 2717 1266 2775 animi.

183 2812 252 2873 Eius
271 2828 315 2870 mo
336 2813 463 2882 miseret,
483 2811 510 2870 el
530 2828 604 2870 nnnc
624 2812 722 2882 timeo,
743 2811 768 2870 is
782 2811 856 2870 uduo
876 2827 919 2870 me
940 2811 1052 2882 retinet
1073 2827 1136 2868 nam
1158 2809 1265 2883 absquo

1030 2920 1062 2964 oo
1082 2903 1166 2964 esset.

145 2997 325 3066 Succedunt
346 3003 515 3084 septenarii
537 3002 701 3069 trochaici:

266 3118 351 3179 Ricte
371 3136 423 3194 ego
444 3120 513 3178 mihi
533 3119 664 3179 vidissem
685 3121 714 3178 et
733 3119 809 3178 senis
830 3135 920 3179 essem
941 3119 1017 3178 dltus
1038 3119 1223 3180 iracundiam:

264 3209 391 3286 ‘Aliquid
412 3212 609 3272 convasassem
635 3213 719 3284 atque
745 3211 812 3270 hino
836 3229 879 3270 me
899 3210 1053 3272 clinicorum
1074 3213 1215 3287 protinam
1236 3215 1267 3275 ln

265 3303 277 3372 l
289 3305 377 3375 Quam
398 3309 445 3368 hio
466 3307 561 3382 lugam
583 3308 632 3366 ant
652 3305 754 3365 lurtrim
771 3309 875 3380 parat?
1160 3307 1266 3382 [pedes.

142 3411 233 3480 Hunc
261 3417 551 3501 semiseptenarium
578 3417 632 3503 qui
660 3415 748 3482 libris
771 3416 909 3481 traditur
938 3415 1074 3483 editores
1104 3423 1267 3483 mutarunt

144 3516 319 3584 Bentleinm
353 3521 476 3597 secuti,¹
501 3521 554 3601 qui
589 3524 660 3599 post
692 3519 906 3585 catalecticum
940 3537 1065 3585 versum
1102 3520 1265 3585 iambicam

143 3619 314 3684 clausulam
336 3622 511 3700 ponendam
534 3639 603 3686 esse
619 3619 706 3684 dixit.
740 3619 805 3684 Nos
828 3637 897 3684 cum
916 3620 978 3683 iarn
1001 3619 1126 3702 saepius
1147 3621 1180 3686 in
1203 3626 1266 3688 tro·

143 3718 258 3786 chaicis
284 3722 445 3787 ordinibus
472 3722 663 3788 trochaicum
692 3721 981 3803 semiseptenarium
1004 3723 1071 3787 vioe
1098 3723 1266 3805 septenarii

132 3819 230 3913 ¹iungi
242 3821 421 3898 viderimus
443 3843 505 3890 nou
520 3824 680 3904 habemus,
704 3843 759 3889 our
780 3842 799 3888 a
813 3823 937 3888 traditis
953 3825 1056 3890 verbis
1071 3826 1263 3891 recedamus.

227 3925 388 3991 Postremo
412 3931 447 3990 ut
469 3931 589 3992 ceteros
609 3927 654 3991 ita
676 3926 758 3991 hunc
780 3944 903 4008 quoque
918 3926 1056 3993 ordinem
1073 3924 1264 3993 trochaicum

140 4027 282 4094 iambicis
304 4028 471 4094 octonariis
494 4027 597 4093 claudi
620 4035 827 4109 expectamus.
861 4026 923 4094 Sed
939 4047 1084 4094 versuum
1104 4028 1263 4094 distinctio

141 4131 173 4198 in
203 4129 292 4196 libris
322 4131 449 4196 turbata
475 4135 534 4196 est.
578 4132 615 4196 In
642 4128 791 4196 Bembino
814 4148 922 4195 versus
947 4131 985 4194 15
1016 4137 1047 4195 et
1071 4131 1110 4193 16
1139 4128 1263 4196 iambici

142 4231 296 4300 octonarii
318 4237 401 4311 sunt,
424 4251 534 4299 versus
559 4235 596 4298 17
621 4237 652 4298 et
676 4231 715 4296 18
739 4231 841 4298 nullos
864 4249 1009 4298 numeros
1031 4231 1163 4298 habent:
