3074 4886
834 333 875 398 58

751 417 953 428 -—-———e

646 535 757 602 trech.
782 541 843 602 oct.

709 641 820 706 Troch.
843 640 999 722 semisept.

590 791 592 796 .
647 743 757 808 Troch.
780 746 841 807 oct.

710 842 821 908 Troch.
844 849 923 925 sept.

773 944 870 1008 lamb.
893 950 954 1010 oct.

288 1049 325 1114 In
354 1046 415 1111 fine
442 1045 577 1126 denique
599 1044 692 1111 huius
715 1045 828 1111 cantici
850 1047 927 1112 ordo
949 1046 1283 1113 iambico-trochaicus
1307 1044 1413 1112 delite-

288 1149 363 1216 scit:
394 1166 464 1212 nam
495 1147 603 1213 finitur
629 1151 784 1214 canticum
807 1148 964 1214 trochaico
986 1150 1180 1230 septenario,
1212 1149 1263 1214 cui
1289 1148 1413 1214 iambici

287 1250 440 1319 octonarii
461 1251 662 1333 praecedunt.
708 1251 829 1316 Rursus
852 1252 948 1332 igitur
970 1251 1094 1316 iambici
1116 1252 1277 1328 octonarii,
1301 1251 1413 1330 quibus

287 1353 464 1421 trochaicus
486 1355 563 1419 ordo
586 1353 708 1434 finitur,
738 1358 771 1419 et
792 1355 916 1420 iambici
939 1353 1105 1434 octonarii,
1132 1353 1246 1435 quibus
1267 1353 1414 1419 iambico·

287 1457 463 1525 trochaicus
486 1458 564 1524 ordo
582 1459 760 1536 inchoatur,
784 1458 865 1524 inter
887 1477 921 1523 se
944 1463 1148 1523 concurrunt:
1172 1475 1303 1539 quorum
1320 1456 1414 1521 lubri-

287 1547 356 1624 cum
380 1559 547 1625 confinium
570 1560 597 1625 si
621 1580 638 1626 e
661 1562 885 1626 sententiarum
902 1579 1042 1627 connexu
1058 1561 1203 1642 cognosci
1216 1558 1319 1638 liceat,
1343 1564 1413 1640 post

287 1680 410 1727 versum
436 1664 474 1727 13
497 1682 567 1729 esse
589 1664 788 1729 arbitremur.

391 1765 432 1830 Ut
454 1765 484 1829 in
507 1765 566 1829 hac
588 1783 701 1829 scaeua
723 1764 800 1829 ordo
823 1763 997 1830 trochaico·
1019 1765 1170 1832 iambicus
1193 1764 1316 1829 medius
1330 1764 1413 1830 inter

286 1866 457 1932 trochaicus
488 1866 630 1944 ordines,
657 1867 703 1931 ita
725 1867 758 1930 in
780 1865 878 1930 Andr.
897 1863 957 1929 ts
988 1885 1101 1932 scaena
1131 1867 1209 1932 ordo
1232 1866 1412 1932 trochaicus

286 1970 408 2034 medius
430 1968 515 2034 inter
536 1969 663 2034 ordines
685 1968 1007 2035 trochaicoiambicos
1022 1974 1167 2051 receptus
1184 1974 1241 2033 est
1276 1967 1365 2033 Libri
1379 1974 1411 2033 et

287 2070 422 2137 editores
453 2071 491 2136 de
520 2071 663 2137 versibus
686 2071 779 2135 huius
802 2071 914 2136 cantici
936 2070 1110 2135 scribendis
1133 2089 1229 2152 prope
1252 2089 1315 2134 una
1338 2090 1412 2138 voce

286 2175 483 2239 consentiunt
488 2196 497 2256 3
520 2175 626 2254 itaque
649 2175 755 2238 statim
774 2173 812 2238 ad
829 2173 953 2239 ordines
969 2171 1167 2254 explicandos
1183 2174 1313 2255 aggredi
1328 2173 1411 2238 iicet.

373 2277 417 2340 Ac
432 2275 566 2358 primum
582 2276 707 2357 quidem
723 2275 825 2340 locum
838 2277 985 2357 pericopa
996 2274 1129 2340 iambica
1143 2275 1315 2356 occupavit,
1333 2291 1413 2355 quae

285 2384 435 2459 quattuor
461 2380 637 2444 octonarios
668 2378 828 2461 complexa
857 2378 989 2443 iambico
1020 2377 1221 2458 quaternario
1244 2376 1411 2442 clauditur.

285 2479 406 2547 Deinde
435 2480 511 2547 ordo
542 2479 879 2546 trochaico-iambicus
902 2481 1038 2546 occurrit
1060 2498 1189 2562 prorsus
1213 2477 1322 2545 similis
1345 2479 1411 2544 eius

285 2583 412 2662 ordinis,
429 2602 521 2666 quem
538 2585 568 2647 in
585 2585 721 2650 secundo
736 2582 804 2650 loco
823 2585 1038 2650 antecedentis
1057 2582 1169 2650 cantici
1181 2583 1410 2665 explicavimus.

592 2705 744 2770 2Troch.
769 2710 848 2786 sept.

656 2807 672 2868 1
696 2803 794 2870 Iamh.
819 2811 878 2870 oct.
899 2824 924 2870 c.
947 2805 1040 2870 iamh.
1067 2812 1153 2888 quat.

285 2924 389 3007 Atque
415 2925 510 2989 etiam
538 2926 568 2990 in
591 2923 652 2990 fine
675 2924 767 2990 huius
790 2926 903 2992 cantici
925 2926 1001 2992 ordo
1025 2925 1347 2992 trochaico-iambicus
1369 2925 1411 2992 le·

284 3026 381 3109 gitur,
405 3028 457 3108 qui
480 3045 500 3092 a
522 3047 615 3094 versu
638 3028 761 3092 21-31
786 3031 948 3112 pertinens

694 3151 713 3213 5
737 3148 847 3214 Troch.
871 3155 950 3230 sept.

759 3252 778 3314 6
798 3251 901 3317 iamb.
924 3260 984 3318 oct.

285 3368 528 3452 comprehendit.
574 3371 660 3436 Inter
687 3371 744 3436 hos
773 3377 878 3436 autem
905 3373 984 3438 duos
1006 3371 1340 3440 trachaico-iambicos
1362 3391 1412 3438 cr·

284 3473 371 3540 dines
394 3475 571 3542 trochaicus
595 3474 671 3542 ordo
694 3474 902 3558 amplificatus
925 3477 1143 3558 interponitur,
1166 3475 1197 3540 in
1221 3494 1283 3557 quo

491 3596 507 3657 1
533 3595 643 3662 Troch.
666 3599 726 3661 oct.

556 3700 571 3762 1
597 3697 707 3765 Troch.
732 3697 888 3778 semisept.

492 3803 507 3864 1
534 3802 645 3868 Troch.
669 3808 728 3867 oct.

555 3904 576 3966 4
598 3903 709 3968 Troch.
732 3910 810 3985 sept.

616 4005 635 4070 3
659 4006 756 4072 lamb.
781 4012 841 4072 oct.
865 4008 890 4072 c.
914 4006 1007 4073 iamb.
1029 4012 1116 4090 quat.

238 4169 239 4174 κ
285 4127 400 4192 insunt.
435 4126 560 4208 Optimo
583 4127 651 4192 iure
673 4126 826 4208 quispiam
850 4126 976 4194 dixerit:
998 4126 1096 4208 quid?
1117 4127 1269 4193 iambicus
1283 4133 1410 4212 quater·

285 4229 408 4308 narius,
435 4228 489 4310 qui
511 4229 650 4312 singulos
679 4231 898 4296 antecedentes
928 4227 1053 4296 ordines
1082 4231 1212 4312 clausit,
1241 4231 1408 4299 videturne
