3074 4886
812 289 853 350 24

269 490 418 570 sentiunt,
441 493 495 572 qni
517 492 706 574 synapheian
729 492 873 558 omnibus
895 491 943 556 his
966 491 1042 556 locis
1065 490 1253 572 extinguunt
1275 492 1396 556 'Peren-

269 594 375 674 tioque
398 592 587 670 abiudicant,
610 610 704 673 quam
723 611 762 656 ne
777 593 894 673 posteri
909 593 1033 674 quidem
1049 592 1259 657 Romanorum
1276 598 1395 674 poetae

270 694 455 761 evitaverint
484 694 536 780 (ci.
559 693 700 774 exempla
726 712 807 775 quae
829 694 1046 760 Lachmannus
1069 694 1100 757 in
1123 692 1327 760 subtilissima
1349 695 1394 759 de

270 796 440 877 synapheia
461 795 673 876 disputatione
694 794 786 859 Lucr.
803 795 842 859 ΙΙ.
861 795 921 859 118
944 795 1125 880 congessit).

354 897 465 962 Palsac
486 901 592 961 autem
613 897 645 960 in
667 897 755 961 libris
779 896 985 962 distinctionis
1007 915 1102 963 causa
1117 899 1148 963 in
1163 903 1310 981 promptu
1326 903 1393 965 est:

234 1019 236 1022 ·
270 999 365 1063 verba
387 999 477 1076 enim,
501 1016 581 1079 qnae
603 997 777 1063 sententiae
792 1017 939 1080 compage
953 998 1111 1064 artissime
1126 1001 1291 1066 coniuncta
1305 1005 1394 1080 sunt,

269 1102 309 1167 eb
331 1100 392 1166 aiio
413 1099 541 1165 librario
562 1099 594 1164 in
617 1099 733 1165 exitum
754 1100 877 1182 prioris,
899 1102 939 1167 ab
956 1100 1027 1166 aliis
1041 1101 1073 1166 in
1088 1100 1213 1166 initium
1228 1102 1393 1184 sequentis

270 1219 380 1269 versus
403 1205 511 1267 coacta
533 1206 615 1265 sunt

354 1301 468 1368 Paucis
490 1303 632 1368 versibus
654 1307 726 1382 post
747 1301 820 1369 libri
843 1303 955 1369 iterum
979 1304 1018 1368 de
1040 1304 1183 1370 versibus
1198 1303 1395 1384 distinguen-

271 1405 319 1469 dis
340 1404 425 1469 inter
445 1421 479 1469 se
501 1405 694 1485 discrepant:
720 1405 880 1469 Parisinus
902 1409 934 1470 et
956 1405 1179 1471 Ambrosianus
1201 1405 1259 1472 hos
1281 1423 1393 1471 versus

270 1504 406 1571 offerunt
427 1505 481 1588 (12
504 1507 537 1570 et
560 1504 629 1587 13):

309 1623 425 1698 Peperit
434 1623 501 1682 filia.
522 1622 594 1696 hem,
605 1625 702 1684 taces?
716 1641 750 1684 er
761 1625 836 1697 qno‘t
848 1623 860 1692 ΙΙ
871 1624 948 1683 Istuc
962 1625 1068 1699 patrem
1083 1625 1182 1700 rogare
1196 1627 1241 1684 est
1254 1631 1391 1700 aequom?

309 1716 398 1776 Perii:
419 1731 454 1776 er
474 1735 527 1790 qno
548 1716 645 1776 censes
665 1717 721 1776 nisi
741 1732 775 1776 ex
794 1717 842 1777 illo
863 1718 909 1776 cni
928 1718 1022 1778 datust
1040 1721 1158 1793 nuptum
1178 1717 1315 1780 obsecro?

271 1845 349 1912 quos
371 1845 480 1892 versus
503 1827 640 1892 editores
661 1832 855 1908 receperunt.
888 1828 1059 1895 Bembinus
1081 1832 1187 1895 autem
1209 1829 1266 1895 bos
1281 1847 1390 1896 versus

271 1930 413 1996 turbatos
436 1929 547 1994 tradit:

475 2047 589 2122 Peperit
608 2045 675 2107 filia.
702 2047 775 2117 hcm,
796 2049 894 2108 taces?

309 2143 352 2202 Pir
372 2140 558 2216 qnotiilstuo
577 2142 684 2214 patrem
704 2157 803 2214 rogaro
824 2144 868 2200 cst
887 2145 1024 2215 coquom?
1050 2142 1136 2216 perii:
1163 2159 1197 2204 ex
1216 2161 1271 2218 qno
1292 2159 1389 2206 censes

477 2235 542 2295 Nisi
562 2252 596 2295 cx
616 2235 664 2294 illo
684 2235 730 2295 cni
750 2236 815 2294 data
835 2237 879 2294 ost
898 2237 1015 2309 nuptum
1036 2237 1170 2297 obsecro?

272 2347 326 2432 qui
348 2365 457 2413 versus
479 2347 583 2412 verbis
603 2345 673 2408 aiei
691 2366 730 2408 ecc
752 2345 783 2408 in
806 2345 1019 2411 antecedentis
1041 2365 1151 2412 versus
1170 2345 1231 2413 fine
1246 2347 1388 2428 repositis

272 2449 377 2516 nescio
399 2468 438 2514 an
460 2455 534 2529 apte
556 2468 593 2514 ex
615 2448 709 2512 turba
731 2447 936 2528 expediuntur
959 2446 1010 2529 (cf.
1027 2448 1123 2514 Andr.
1141 2449 1194 2514 lv.
1212 2451 1240 2510 1.
1257 2449 1286 2530 5,
1308 2449 1388 2514 Eun.

272 2553 326 2618 IV.
343 2553 373 2616 2.
388 2551 420 2630 3,
442 2553 522 2616 Eun.
540 2552 576 2617 V.
593 2551 623 2614 2.
639 2549 690 2632 20,
714 2550 795 2615 Eun.
813 2549 850 2615 V.
867 2549 897 2614 8.
912 2550 981 2631 46):

475 2667 590 2744 Peperit
609 2668 676 2728 filia.
702 2667 774 2738 hem,
795 2671 890 2729 taces?

310 2765 353 2824 Ex
373 2767 446 2838 quot
461 2763 474 2831 it
487 2761 576 2824 'Istuc
595 2764 703 2837 patrem
726 2762 826 2837 rogare
846 2765 890 2822 cst
910 2767 1046 2836 aequom?
1066 2763 1151 2839 perii:
1172 2779 1207 2823 ox
1226 2781 1281 2838 quo
1294 2763 1390 2824 censes

1180 2875 1236 2918 nrsr
1256 2873 1290 2917 01

476 2951 528 3012 1116
548 2953 594 3013 eui
614 2954 708 3013 datast
727 2954 845 3042 nuptum
867 2951 1000 3012 obsecro?

196 3103 198 3110 ·
272 3062 408 3130 Parisini
430 3062 588 3129 distinctio
612 3064 639 3129 si
662 3068 824 3138 serenet,
852 3061 976 3129 difficile
999 3067 1048 3128 est
1069 3062 1241 3145 explicatu,
1270 3082 1332 3146 quc
1354 3082 1391 3128 ex

273 3165 400 3232 consilio
429 3184 530 3249 quoue
558 3185 596 3232 ex
625 3185 730 3232 errore
757 3183 867 3230 versus
895 3164 968 3230 libri
992 3163 1134 3231 Bembini
1163 3164 1293 3247 profecti
1319 3164 1390 3228 sint.

274 3267 328 3333 Sin
354 3271 458 3333 autem
480 3265 626 3335 Bembini
653 3267 812 3334 distinctio
841 3285 916 3332 vern
944 3273 1007 3347 est,
1038 3272 1169 3349 apparet
1196 3269 1228 3332 in
1249 3267 1390 3332 Parisino

271 3370 361 3447 libro,
384 3375 422 3434 ut
442 3369 620 3435 chartarum
643 3371 742 3451 spatio
765 3372 958 3448 parceretur,
981 3374 1046 3434 tres
1065 3368 1207 3434 Bembini
1229 3387 1338 3434 versus
1360 3369 1391 3432 in

273 3472 351 3536 duos
379 3476 536 3538 coartatos
559 3489 642 3549 esse,
673 3471 704 3535 id
727 3470 809 3552 quod
832 3468 995 3536 librarium
1018 3470 1153 3534 Parisini
1175 3469 1208 3535 in
1230 3471 1391 3536 versiculis

273 3573 445 3638 scribendis
474 3591 596 3653 semper
623 3571 688 3638 fere
716 3571 826 3637 fecisse
853 3571 1096 3637 observavimus.
1141 3571 1262 3651 Quibus
1290 3573 1391 3639 causis

273 3681 445 3741 commotus
459 3674 601 3741 Bembini
623 3674 854 3740 distinctionem
877 3673 1067 3756 sequendam
1090 3679 1185 3759 atque
1206 3674 1263 3741 hos
1284 3693 1392 3740 versus

272 3775 345 3841 inde
367 3794 387 3840 a
409 3778 524 3842 vers?
547 3777 727 3843 scribendos
750 3794 819 3843 esse
842 3795 967 3856 censeo:

351 3890 366 3962 ΙΙ
385 3892 473 3953 'Uror
492 3894 541 3954 ubi
561 3911 605 3953 mc
625 3895 661 3953 ad
682 3894 772 3954 filiam
793 3893 833 3953 ire
854 3893 951 3966 sensit,
972 3910 1002 3955 se
1023 3893 1103 3954 duxit
1123 3893 1207 3954 foras.
1227 3895 1312 3968 atque

348 3985 461 4047 'Eccum
473 3987 561 4048 uideo.
581 3989 648 4061 quid
659 3988 711 4061 ais,
722 3988 885 4063 Myrrhina?
898 3989 968 4049 heris
979 3988 1034 4048 tibi
1044 3989 1140 4056 dicut]
1156 3987 1271 4058 ninius,
1283 3988 1321 4046 mi
1332 3987 1392 4048 virt

351 4077 365 4147 ΙΙ
385 4080 436 4140 Vtr
446 4096 498 4154 ego
510 4083 573 4140 tuos
584 4079 656 4141 sim?
678 4082 708 4141 tri
720 4082 807 4142 virum
822 4098 865 4141 me
879 4084 928 4141 aut
941 4081 1080 4142 hbminem
1095 4082 1214 4157 deputes
1228 4081 1298 4142 adeo
1313 4081 1392 4142 esse?

275 4179 310 4232 10
417 4173 490 4232 Nom
511 4173 536 4234 si
556 4175 691 4235 utrumuis
712 4177 817 4249 horum,
839 4175 946 4248 mulier,
966 4174 1097 4248 umquam
1118 4173 1172 4235 tibi
1194 4173 1270 4234 vistis
1292 4173 1391 4247 forem,
