3074 4886
671 359 722 432 '35

134 571 212 639 duas
240 580 347 655 partes
376 573 541 652 disiunxit,
572 593 642 638 oum
671 574 746 652 alia,
776 591 838 655 qua
865 571 1163 655 praepositiones'a
1193 572 1260 638 suis

136 677 312 742 nominibus
344 673 481 742 divulsas
511 675 544 741 in
572 677 689 742 exitum
711 675 924 742 antecedentis
947 693 1057 741 versus
1081 675 1187 756 posuit
1209 675 1261 758 (cf.

137 779 278 861 exempla
300 798 382 865 quae
404 779 435 842 in
457 798 508 861 pg.
526 779 567 842 24
590 779 707 860 attuli).

219 883 339 948 Iterum
365 887 471 948 autem
500 881 709 948 confitendum
739 886 788 945 est
824 881 918 946 etiam
947 879 1029 944 hanc
1056 879 1260 946 mutationem

133 986 223 1052 nobis
245 985 456 1064 accipiendam
480 1003 564 1064 esse,
585 1004 625 1050 ne
647 985 724 1049 ordo
747 983 923 1051 trochaicus
946 980 1137 1063 collabefiat‚
1167 1002 1260 1065 quem

133 1088 166 1154 in
190 1086 303 1154 ceteris
326 1089 446 1154 scaenis
469 1095 627 1155 servatum
651 1107 720 1154 esse
742 1089 952 1170 cognovimus.

219 1191 361 1276 Denique
388 1191 420 1256 in
449 1190 592 1274 Hecyrae
606 1190 696 1255 IV.3
723 1210 837 1257 scaena
866 1190 940 1256 libri
967 1190 1070 1256 ordini
1101 1188 1262 1256 trochaico

135 1295 343 1375 refragantur.
389 1295 468 1359 Tota
497 1313 611 1360 scaena
638 1295 789 1376 bipertita
816 1299 879 1360 est:
909 1295 996 1376 prior
1025 1312 1115 1376 pars,
1144 1294 1175 1358 in
1199 1312 1261 1375 qua

135 1398 254 1465 Laches
286 1402 319 1463 et
340 1396 520 1479 Pamphilus
549 1403 582 1464 et
604 1398 747 1464 Sostrata
775 1400 856 1463 inter
883 1415 916 1463 se
945 1398 1179 1477 colloquuntur,
1207 1414 1262 1460 sex

135 1500 278 1567 versibus
301 1501 494 1577 continetur,
523 1518 656 1583 quorum
680 1507 837 1583 postremo
860 1505 953 1583 poeta
975 1500 1015 1565 ad
1038 1498 1169 1563 alteram
1191 1517 1263 1580 par·

134 1606 200 1666 tem
228 1601 352 1667 transit.
398 1601 508 1668 Altera
536 1621 625 1684 pars,
653 1604 684 1668 in
713 1621 776 1684 quo
797 1602 918 1668 Laches
948 1607 980 1668 et
1001 1600 1181 1682 Pamphilus
1204 1601 1262 1666 soli

133 1704 229 1769 verba
253 1705 334 1769 inter
356 1723 390 1769 se
406 1709 607 1782 commutant,
631 1704 736 1770 decem
752 1722 863 1770 versus
879 1703 1104 1785 complectitur,
1128 1719 1260 1784 quornm

133 1810 291 1884 postremo
319 1812 413 1887 poeta
432 1806 546 1870 iterum
570 1804 610 1868 ad
634 1811 814 1885 sequentem
839 1804 970 1870 actionis
992 1811 1112 1886 partem
1135 1824 1262 1886 progre-

134 1907 229 1972 ditur.
264 1909 368 1986 Atque
391 1908 490 1972 altera
512 1925 586 1988 pars
607 1905 746 1988 legitimo
769 1908 926 1973 trochaico
947 1907 1057 1972 ordine
1071 1905 1260 1988 amplificato

135 2011 264 2075 astricto
288 2014 345 2087 est,
369 2014 405 2073 ut
428 2009 574 2090 deinceps
595 2008 739 2088 legantur

544 2143 654 2209 Troch.
678 2150 739 2211 oct.

605 2246 717 2313 Troch.
740 2254 819 2331 sept.

542 2350 655 2416 Troch.
677 2355 737 2416 oct.

602 2452 711 2519 Troch.
736 2460 814 2536 sept.

654 2554 752 2620 lamb.
774 2561 917 2637 quatern.

132 2691 298 2756 Clauditur
324 2692 420 2774 igitur
442 2693 491 2757 hic
514 2693 591 2757 ordo
614 2693 745 2759 iambico
768 2696 979 2775 quaternario,
1003 2697 1065 2778 qui,
1090 2715 1159 2762 cum
1183 2698 1258 2761 iam-

131 2796 219 2860 bicus
246 2795 424 2860 octonarius
451 2793 555 2859 nullus
578 2796 759 2878 praecedat,
781 2795 813 2860 in
831 2795 937 2872 ¹vicem
960 2799 1083 2866 iambici
1105 2797 1258 2865 octonarii

132 2898 240 2962 eodem
270 2897 338 2963 iure
366 2903 537 2976 usurpatus
566 2903 629 2977 est,
662 2916 724 2980 quo
753 2899 1043 2980 semiseptenarium
1066 2902 1257 2966 trochaicum

131 2999 192 3066 iam
215 3001 339 3079 saepius
362 2997 532 3081 septenarii
554 2999 704 3066 trochaici
726 3001 793 3066 vice
808 3001 944 3082 positum
960 3022 1029 3068 esse
1044 3003 1256 3084 cognovimus.

131 3103 192 3180 Qui
219 3107 325 3168 autem
353 3121 461 3167 versus
484 3102 516 3166 in
538 3103 643 3184 priore
666 3110 755 3182 parte
777 3104 901 3184 legendi
924 3107 1000 3184 sint,
1030 3112 1158 3188 propter
1180 3107 1258 3173 vitia

131 3205 162 3268 in
185 3204 271 3270 libris
294 3204 470 3272 inveterata
493 3205 579 3272 dictu
602 3204 728 3271 difficile
751 3210 809 3272 est.

216 3334 334 3400 Versus
359 3337 372 3396 1
398 3335 430 3399 11
453 3333 540 3399 libris
562 3335 712 3400 iambicus
736 3333 933 3417 septenarius
956 3341 1018 3400 est:

169 3463 257 3532 Quem
279 3479 342 3522 oum
363 3463 435 3522 istoc
451 3478 606 3522 sermonem
621 3462 765 3536 habueris,
779 3463 876 3537 procul
889 3464 957 3524 hinc
970 3467 1049 3524 stans
1065 3464 1162 3539 accepi
1177 3465 1255 3526 111111.

216 3593 334 3658 Versus
357 3593 376 3654 2
399 3599 455 3657 ant
477 3592 629 3659 iambicus
652 3593 845 3658 octonarius:

177 3729 256 3788 Istdo
277 3731 320 3788 est
340 3746 448 3804 saporo,
470 3729 516 3803 qui
538 3730 708 3804 ribioumqne
729 3747 799 3806 opns
821 3730 859 3790 sit
879 3730 1002 3789 animum
1023 3730 1114 3805 possit
1133 3730 1255 3790 flectere.

129 3855 202 3928 aut,
230 3849 256 3912 si
284 3867 340 3930 pro
368 3839 816 3932 1111111111111111111111,
848 3851 1024 3918 trochaicus
1048 3851 1254 3932 septenarius.

130 3950 248 4016 Versus
271 3951 307 4026 3,
337 3972 428 4035 quem
452 3952 591 4018 Terentii
619 3973 679 4018 non
708 3973 776 4019 esse
799 3973 868 4019 cnm
892 3954 1093 4021 Fleckeiseno
1116 3952 1256 4019 iudicare

129 4073 191 4120 non
219 4057 334 4135 ausim,
363 4054 497 4122 Bentleii
524 4055 682 4121 lenissima
711 4056 928 4122 emendatione
954 4055 1131 4122 trochaicus
1154 4059 1253 4136 septe-

128 4157 236 4223 narius
258 4156 308 4222 iit:
342 4183 346 4190 ⁴

206 4275 285 4348 Quod
306 4275 467 4336 faciundum
488 4278 526 4337 111
547 4277 664 4338 11111111
685 4277 758 4352 post,
781 4277 853 4338 idem
874 4251 927 4338 hoo
948 4278 1067 4338 nuncsi
1088 4275 1197 4336 iecoris.

740 4379 743 4385 .
1067 4369 1102 4424 3.
