3074 4886
820 286 874 392 'ca

286 550 355 599 esse
387 533 558 600 arbitratus
593 538 651 598 est.
701 532 879 614 Numquam
908 540 1013 598 autem
1036 533 1202 596 Terentius
1233 531 1289 596 tali
1319 548 1418 596 versu
1520 555 1521 558 ¹

286 653 360 701 usus
383 641 440 700 est.
480 639 522 701 At
544 638 664 702 numeri
687 635 780 701 huius
803 637 894 718 primi
917 654 1025 701 versus
1049 635 1144 701 etiam
1167 633 1302 717 duplicis
1317 634 1419 714 tripo-

252 795 255 800 .
286 736 356 804 diae
378 738 554 804 trochaicae
576 738 777 804 catalecticos
800 757 869 805 esse
891 745 1039 818 possunt:

555 856 1188 940 wvwvmmaefflvm

623 915 658 938 w

286 960 340 1042 qui
370 959 489 1025 numeri
519 977 587 1023 cum
611 961 642 1024 in
666 980 759 1027 versu
777 965 813 1026 ll
839 963 976 1028 eiusdem
1000 948 1112 1027 cantici
1134 960 1298 1042 legantur,
1328 959 1415 1023 haud

284 1057 533 1142 improbabiliter
555 1060 586 1123 in
610 1061 668 1127 hoc
689 1080 813 1145 quoque
837 1081 928 1128 versu
952 1068 1146 1128 statuuntur.
1182 1063 1302 1128 Versus
1316 1061 1335 1123 6
1351 1079 1415 1124 me·
1520 1117 1521 1122 ,

285 1168 368 1228 trum
402 1164 432 1226 in
462 1162 542 1228 libro
570 1165 711 1230 Parisino
741 1165 945 1245 depravatum
976 1171 1040 1229 est:
1073 1165 1128 1228 sed
1158 1164 1249 1230 facile
1279 1170 1311 1228 et
1340 1168 1416 1242 apte

286 1267 470 1332 emendatur
506 1268 739 1346 praepositione
777 1269 808 1330 r‘n
846 1268 1043 1333 antecedenti
1078 1267 1184 1332 versui
1217 1267 1326 1330 addita
1359 1265 1413 1350 (ei.

286 1367 416 1449 exempl.
440 1369 471 1432 in
494 1386 543 1449 pg.
560 1369 625 1450 24).
671 1370 789 1436 Versus
812 1371 841 1445 9,
865 1389 956 1452 quem
980 1369 1122 1451 spurium
1146 1387 1215 1434 esse
1238 1366 1415 1433 Fleckeise-

285 1490 344 1536 nus
372 1469 537 1548 iudicavit,
568 1471 730 1552 aptissime
761 1473 966 1554 aSpengelio
994 1471 1167 1554 explicatus
1191 1476 1248 1535 est.
1293 1467 1415 1534 Ultima

285 1579 388 1638 autem
418 1573 510 1639 huius
540 1593 648 1639 versus
678 1573 798 1656 syllaba
826 1581 897 1639 ante
919 1574 1058 1638 litteram
1078 1573 1229 1637 initialem
1253 1571 1413 1653 sequentis

284 1695 393 1742 versus
416 1675 561 1742 elidenda
584 1685 642 1756 est,
665 1679 752 1743 cuius
775 1678 913 1744 elisionis
936 1676 1077 1759 exempla
1099 1677 1131 1740 in
1154 1694 1205 1756 pg.
1222 1674 1263 1737 42
1285 1689 1413 1752 conges-

285 1778 390 1842 simus.
436 1779 577 1858 Denique
607 1797 716 1844 versus
735 1781 773 1843 13
797 1788 828 1845 et
853 1781 893 1843 14
923 1782 955 1844 in
983 1781 1062 1846 libro
1084 1779 1226 1844 Parisino
1248 1795 1345 1859 prave
1369 1776 1414 1840 di·

285 1878 390 1945 stincti
414 1886 502 1947 sunt:

360 2001 400 2058 At
420 2001 514 2059 temen
536 2000 584 2060 ubi
606 2001 694 2062 fides?
716 2001 741 2060 si
762 2019 851 2076 roges,
874 2001 946 2060 nihil
966 2002 1054 2076 pudet
1075 2000 1130 2071 bic,
1151 2000 1200 2060 ubi
1222 2016 1292 2074 opus
1314 1999 1372 2057 est:

362 2092 409 2150 Illi
429 2095 479 2152 ubi
499 2095 571 2154 nihil
591 2098 683 2169 opust,
706 2095 746 2154 ibi
767 2097 908 2155 verentur.

284 2219 546 2288 Proficiscendum
581 2230 629 2287 est
658 2242 695 2288 ex
724 2223 818 2289 verbo
852 2233 1005 2301 vereatur,
1042 2221 1124 2304 quod
1158 2221 1225 2285 sine
1255 2220 1349 2285 dubio
1379 2217 1410 2282 in

224 2311 227 2318 ’
285 2323 370 2388 exitu
392 2343 499 2390 versus
522 2325 699 2405 ponendum
723 2332 780 2389 est.
823 2324 975 2387 Verentur
998 2333 1101 2389 autem
1126 2325 1156 2388 iu
1179 2323 1241 2387 fine
1263 2327 1320 2386 aut
1342 2322 1412 2386 bac-

285 2425 382 2491 chiaci
405 2444 530 2504 versus,
560 2433 616 2492 eut
643 2427 768 2492 iambici
798 2427 966 2506 septenarii
990 2427 1037 2492 vel
1067 2425 1316 2506 semiseptenarii
1339 2425 1411 2503 poni

283 2533 396 2608 potest.
442 2527 475 2592 Si
508 2527 660 2592 iambicus
700 2529 975 2610 semiseptenarius
1009 2528 1170 2606 scribitur,
1201 2528 1296 2593 verba
1330 2544 1412 2607 quae

284 2629 474 2694 antecedunt
496 2631 580 2695 intra
602 2631 727 2696 iambici
750 2633 902 2697 octonarii
925 2629 1077 2696 cancellos
1100 2631 1198 2696 conici
1213 2634 1358 2711 possunt:

361 2765 512 2826 Attamen
534 2767 582 2826 ubi
603 2768 692 2826 fides?
713 2768 739 2826 si
759 2785 851 2842 roges,
872 2768 911 2826 nil
933 2767 1020 2841 pudet
1034 2767 1090 2839 hic,
1108 2767 1157 2826 ubi
1177 2767 1273 2841 opust:
1295 2763 1339 2823 illi
1360 2764 1412 2823 ubi

644 2862 723 2920 Nihil
745 2863 835 2935 opust,
858 2861 898 2920 ibi
918 2861 1058 2920 verentur.

285 2993 334 3059 sin
364 2991 562 3073 septenarius
591 2992 746 3068 scribitur,
771 2991 867 3055 verba
896 3009 977 3073 quae
1006 2991 1196 3056 antecedunt
1226 2992 1412 3053 tetrametro

285 3095 400 3162 cretico
422 3095 609 3161 includenda
631 3099 704 3158 sunt
727 3095 777 3173 (Α.
796 3092 957 3176 Spengel):

437 3228 488 3290 'Ab
508 3233 601 3288 tamen
622 3229 671 3287 ribi
692 3229 782 3288 duest
803 3229 829 3288 si
849 3246 938 3303 roges,
962 3229 1002 3288 nss
1023 3230 1110 3304 pudet

365 3325 427 3396 Hic,
449 3323 499 3383 ribi
520 3341 590 3398 opus
610 3326 666 3382 est:
689 3322 746 3382 illic
768 3323 817 3381 ubi
837 3321 877 3380 nil
898 3321 968 3398 opus
989 3327 1040 3395 ost,
1061 3322 1103 3381 ibi
1119 3322 1257 3382 verentur.

285 3455 332 3519 siu
356 3454 491 3533 denique
514 3450 699 3516 bacchiacus
723 3457 907 3516 tetrameter
925 3450 1083 3529 scribitur,
1108 3451 1201 3516 etiam
1225 3453 1413 3518 antecedens
1520 3497 1521 3538 3

285 3574 393 3622 versus
416 3555 601 3622 bacchiacus
624 3562 808 3622 tetrameter
831 3555 943 3620 evadit.
980 3553 1097 3637 (Fleck.
1122 3560 1154 3617 et
1175 3550 1293 3636 Umpi.)

362 3694 402 3752 nt
420 3691 515 3750 tamen
537 3691 585 3750 ubi
606 3689 694 3749 fides?
715 3689 739 3749 si
762 3689 851 3764 roges,
873 3688 944 3748 nibil
964 3688 1071 3762 pudent
1090 3689 1145 3762 hio,

362 3786 419 3845 Ubi
440 3784 511 3858 dpuc
532 3785 591 3842 est:
612 3783 655 3842 illi
676 3783 725 3842 tbi
747 3782 820 3842 nihil
840 3781 932 3856 opdst,
953 3782 995 3841 ibi
1015 3781 1155 3841 verentur.

285 3913 344 3991 Qui
361 3929 469 3976 versus
493 3911 647 3976 scribendi
670 3913 742 3990 sint,
766 3910 826 3976 nisi
850 3931 866 3974 θ
887 3910 998 3976 cantici
1022 3911 1244 3991 compositione
1266 3913 1410 3991 cognosci
1520 3951 1521 4000 3

285 4032 347 4081 unu
371 4019 490 4095 potest:
513 4013 619 4093 itaque
641 4013 766 4078 ordines
789 4013 899 4077 borum
924 4032 1069 4077 versuum
1093 4015 1328 4094 perlustramus.
1520 4001 1521 4020 ¹

372 4118 460 4181 Duae
488 4125 593 4182 autern
622 4122 728 4199 partes
757 4115 789 4181 in
817 4116 876 4181 boc
906 4115 1068 4197 soliloquio
1091 4119 1234 4198 cognosci
1263 4124 1410 4199 possunt:

284 4219 372 4302 prior
401 4219 517 4284 cretica
545 4220 692 4302 pericopa
722 4224 783 4299 est,
820 4237 914 4300 quam
945 4203 1062 4302 duplex'
1088 4219 1223 4301 tripodia
1253 4219 1411 4286 trochaica
