3074 4886
821 309 863 374 38

740 397 942 409 ——u-

279 525 345 585 tum
368 535 492 583 versum
515 514 682 582 trochaicis
704 514 846 597 pedibus,
869 514 953 596 quod
976 512 1059 592 licet,
1081 512 1256 594 metiemur,
1279 518 1408 580 tantum

279 637 340 684 uon
363 639 472 686 versus
495 617 600 684 versui
621 616 823 700 respondebit
846 615 921 699 (vid.
937 635 988 697 pg.
1004 615 1074 697 31):

458 789 569 854 Troch.
593 793 654 852 oct.
869 787 980 852 Troch.
1004 793 1064 853 oct.

522 890 633 957 Troch.
656 894 736 971 sept.
869 887 980 954 Troch.
1003 894 1063 955 oct.

522 993 632 1059 Troch.
656 997 735 1074 sept.
932 991 1044 1055 Troch.
1067 995 1145 1072 sept.

523 1095 635 1160 Troch.
658 1100 737 1177 sept.
933 1090 1044 1158 Troch.
1068 1096 1147 1174 sept.
1212 1171 1220 1186 ⁶

523 1197 634 1261 Troch.
656 1197 815 1277 semisept.
915 1193 1044 1260 ‘Troch.
1065 1194 1223 1274 semisept.

583 1296 682 1363 Iamb.
706 1305 767 1363 oct.
992 1295 1090 1362 Iamh.
1113 1301 1175 1362 oct.

582 1399 683 1466 Iamh.
706 1406 768 1466 oct.
993 1399 1092 1464 Iamh.
1114 1403 1175 1463 oct.

584 1498 684 1568 Iamb.
708 1507 768 1568 oct.
992 1497 1089 1566 Iamh.
1113 1506 1173 1566 oct.

369 1688 479 1770 Neque
501 1694 605 1754 tamen
624 1690 788 1755 Terentius
811 1689 894 1754 illam
917 1687 1172 1771 aequabilitatem
1194 1669 1284 1751 ialde
1302 1690 1411 1774 ,secta-

281 1798 333 1856 tus
361 1797 425 1855 est:
455 1791 535 1854 Nam
563 1793 622 1857 etsi
650 1791 721 1857 aliis
750 1811 874 1876 quoque
901 1791 979 1858 locis
1009 1792 1141 1858 eundem
1171 1791 1311 1856 ordinem
1334 1788 1410 1854 sim-

282 1892 393 1975 plicem
416 1911 452 1959 ac
474 1912 570 1976 supra
592 1894 641 1960 bis
665 1895 809 1978 deinceps
832 1895 988 1977 repetivit,
1013 1901 1116 1960 tamen
1137 1912 1283 1959 versuum
1299 1909 1410 1957 numa-

283 2015 352 2062 rum
375 1995 436 2061 nisi
459 1995 605 2063 hocloco
627 2015 781 2077 nusquam
805 1999 997 2081 exaequavit.
1032 1998 1141 2080 Neque
1164 1993 1410 2075 inamphdcato
1480 2031 1482 2036 ·

284 2099 392 2164 ordine
414 2105 450 2163 ut
472 2117 582 2163 versus
604 2100 747 2166 versibus
770 2102 1004 2181 responderent,
1028 2107 1121 2182 poeta
1139 2100 1265 2181 saepius
1279 2113 1410 2179 operam

285 2201 384 2266 dedit:
414 2219 485 2265 nam
515 2203 574 2266 etsi
602 2202 635 2267 in
664 2204 829 2269 trochaicis
858 2204 1025 2271 octonariis
1054 2204 1301 2286 septenariisque
1323 2218 1411 2281 repe·

285 2304 387 2369 tendis
417 2322 512 2369 causa
539 2311 634 2387 atque
661 2309 879 2388 opportunitas
901 2305 1023 2372 numeri
1045 2325 1190 2373 versuum
1214 2302 1409 2387 exaequandi
1517 2293 1518 2364 ?

284 2405 359 2470 data
382 2413 466 2486 erat,
492 2413 595 2472 tamen
618 2409 677 2472 nisi
699 2411 729 2472 in
753 2407 895 2490 Hecyrae
917 2428 1046 2486 scaena,
1070 2429 1162 2492 quam
1185 2427 1282 2490 supra
1303 2404 1412 2472 attuli-

284 2529 364 2589 mus,
387 2508 442 2574 illa
464 2527 610 2576 versuum
633 2513 841 2595 aequabilitas
863 2517 989 2577 servata
1010 2532 1071 2577 non
1095 2517 1152 2578 est.

371 2609 487 2678 Omnes
516 2633 594 2696 quas
624 2616 725 2680 adhuc
752 2615 1012 2697 perlustravimus
1034 2634 1165 2682 scaenae
1188 2615 1234 2680 ita
1256 2613 1410 2680 formatae

285 2722 385 2795 crant,
412 2723 449 2782 ut
470 2716 520 2782 vel
541 2718 657 2798 singull
679 2717 805 2782 ordines
828 2719 976 2784 trochaici
999 2719 1047 2782 vel
1070 2718 1175 2800 plures
1198 2718 1343 2798 deinceps
1365 2717 1409 2782 le-

285 2826 414 2902 gantur,
437 2838 538 2901 neque
560 2820 615 2885 ulli
638 2839 747 2886 versus
770 2820 862 2886 aliter
884 2820 997 2886 variati
1019 2821 1267 2887 admisceantur:
1299 2817 1409 2884 sedin
1516 2863 1517 2893 ,

285 2920 440 2987 nonnullis
469 2923 589 2987 scaenis
619 2924 769 2990 trochaici
796 2924 921 2989 ordines
944 2942 1013 2990 oum
1037 2923 1107 2989 aliis
1128 2923 1355 2989 trochaicorum
1378 2925 1410 2986 et

285 3024 489 3091 iambicorum
518 3044 664 3091 versuum
693 3026 912 3106 societatibus,
940 3028 971 3092 in
1001 3025 1116 3110 quihus
1146 3023 1299 3091 trochaici
1326 3028 1409 3088 octo

286 3129 364 3193 narii
387 3148 453 3194 non
480 3134 665 3202 occurrunt,
700 3131 946 3211 coniunguntur:
979 3147 1058 3211 quos
1087 3129 1160 3210 apt'e
1187 3133 1254 3193 tum
1285 3127 1410 3192 demum

287 3229 574 3311 contemplabimur,
598 3250 677 3311 cum,
701 3250 763 3314 qua
786 3235 907 3296 ratione
929 3231 1078 3297 trochaici
1101 3236 1132 3296 et
1154 3228 1278 3295 iambici
1301 3244 1410 3294 versus

286 3333 455 3400 octonariis
483 3333 652 3401 trochaicis
681 3352 741 3402 non
770 3333 915 3400 admixtis
938 3334 1021 3398 inter
1042 3352 1076 3398 sa
1099 3333 1277 3412 succedant,
1300 3348 1412 3413 cogno

287 3458 433 3506 vemmus.

739 3696 853 3797 Cap.
884 3699 960 3784 IV.

814 3869 834 3952 q
857 3871 886 3933 1.

375 4008 443 4088 Quo
474 4007 667 4088 frequentior
688 4023 835 4072 versuum
857 4005 989 4070 variatio
1011 4005 1041 4070 in
1065 4005 1194 4071 canticis
1217 4010 1281 4084 est,
1309 4022 1345 4077 eo
1368 4003 1414 4069 fa-

291 4112 380 4178 cilius
411 4129 557 4176 versuum
581 4110 809 4176 consecutionis
830 4107 916 4189 leges
938 4113 1185 4190 cognoscuntur,
1215 4127 1277 4191 quo
1301 4107 1412 4186 rarior,

289 4234 325 4280 eo
347 4213 502 4280 difficilius
524 4211 766 4296 perspiciuntur.
800 4213 870 4278 Duc
891 4218 995 4277 autem
1018 4231 1127 4278 versus
1149 4211 1182 4277 in
1201 4213 1247 4278 eis
1265 4211 1410 4292 canticis,
