<?xml version="1.0" encoding="UTF-8"?>
<!DOCTYPE html PUBLIC "-//W3C//DTD XHTML 1.0 Transitional//EN"
    "http://www.w3.org/TR/xhtml1/DTD/xhtml1-transitional.dtd">
<html xmlns="http://www.w3.org/1999/xhtml" xml:lang="en" lang="en">
 <head>
  <title>
</title>
<meta http-equiv="Content-Type" content="text/html;charset=utf-8" />
  <meta name='ocr-system' content='tesseract 3.04.00' />
  <meta name='ocr-capabilities' content='ocr_page ocr_carea ocr_par ocr_line ocrx_word'/>
</head>
<body>
  <div class='ocr_page' id='page_1' title='image "./deversuumincant00schlgoog_0021.png"; bbox 0 0 3074 4886; ppageno 0'>
   <div class='ocr_carea' id='block_1_1' title="bbox 816 315 856 380">
    <p class='ocr_par' dir='ltr' id='par_1_1' title="bbox 816 315 856 380">
     <span class='ocr_line' id='line_1_1' title="bbox 816 315 856 380; baseline 0.05 -2"><span class='ocrx_word' id='word_1_1' title='bbox 816 315 856 380; x_wconf 80' lang='lat'>12</span> 
     </span>
    </p>
   </div>
   <div class='ocr_carea' id='block_1_2' title="bbox 332 516 1393 782">
    <p class='ocr_par' dir='ltr' id='par_1_2' title="bbox 332 516 1393 782">
     <span class='ocr_line' id='line_1_2' title="bbox 332 516 1393 594; baseline -0.001 -14"><span class='ocrx_word' id='word_1_2' title='bbox 332 519 384 580; x_wconf 79' lang='lat' dir='ltr'>Em</span> <span class='ocrx_word' id='word_1_3' title='bbox 404 518 544 580; x_wconf 83' lang='lat' dir='ltr'>astutias:</span> <span class='ocrx_word' id='word_1_4' title='bbox 565 519 638 594; x_wconf 88' lang='lat' dir='ltr'>quod</span> <span class='ocrx_word' id='word_1_5' title='bbox 658 519 684 578; x_wconf 93' lang='lat' dir='ltr'>si</span> <span class='ocrx_word' id='word_1_6' title='bbox 704 519 853 593; x_wconf 75' lang='lat' dir='ltr'>quiessem,</span> <span class='ocrx_word' id='word_1_7' title='bbox 873 517 944 577; x_wconf 86' lang='lat' dir='ltr'><strong>nihil</strong></span> <span class='ocrx_word' id='word_1_8' title='bbox 966 516 1108 577; x_wconf 86' lang='lat' dir='ltr'>euenisset</span> <span class='ocrx_word' id='word_1_9' title='bbox 1127 517 1203 577; x_wconf 89' lang='lat' dir='ltr'>muli.</span> <span class='ocrx_word' id='word_1_10' title='bbox 1228 518 1278 578; x_wconf 92' lang='lat' dir='ltr'>sed</span> <span class='ocrx_word' id='word_1_11' title='bbox 1298 534 1393 580; x_wconf 88' lang='lat' dir='ltr'>eccum</span> 
     </span>
     <span class='ocr_line' id='line_1_3' title="bbox 907 610 1238 685; baseline -0.003 -14"><span class='ocrx_word' id='word_1_12' title='bbox 907 612 999 685; x_wconf 89' lang='lat' dir='ltr'>ipsum</span> <span class='ocrx_word' id='word_1_13' title='bbox 1022 610 1111 672; x_wconf 83' lang='lat' dir='ltr'>rideo.</span> <span class='ocrx_word' id='word_1_14' title='bbox 1140 611 1238 671; x_wconf 88' lang='lat' dir='ltr'>occidi.</span> 
     </span>
     <span class='ocr_line' id='line_1_4' title="bbox 332 705 1393 782; baseline -0.003 -15"><span class='ocrx_word' id='word_1_15' title='bbox 332 708 447 768; x_wconf 88' lang='lat' dir='ltr'>Utinam</span> <span class='ocrx_word' id='word_1_16' title='bbox 467 708 538 769; x_wconf 91' lang='lat' dir='ltr'>mihi</span> <span class='ocrx_word' id='word_1_17' title='bbox 557 711 634 768; x_wconf 86' lang='lat' dir='ltr'>esset</span> <span class='ocrx_word' id='word_1_18' title='bbox 653 707 759 782; x_wconf 89' lang='lat' dir='ltr'>aliquid</span> <span class='ocrx_word' id='word_1_19' title='bbox 774 707 830 781; x_wconf 87' lang='lat' dir='ltr'>hio,</span> <span class='ocrx_word' id='word_1_20' title='bbox 852 724 906 781; x_wconf 93' lang='lat' dir='ltr'>quo</span> <span class='ocrx_word' id='word_1_21' title='bbox 926 723 1001 766; x_wconf 88' lang='lat' dir='ltr'>uuna</span> <span class='ocrx_word' id='word_1_22' title='bbox 1021 723 1064 766; x_wconf 92' lang='lat' dir='ltr'>me</span> <span class='ocrx_word' id='word_1_23' title='bbox 1085 705 1268 782; x_wconf 87' lang='lat' dir='ltr'>praecipitem</span> <span class='ocrx_word' id='word_1_24' title='bbox 1288 707 1393 766; x_wconf 87' lang='lat' dir='ltr'>darem.</span> 
     </span>
    </p>
   </div>
   <div class='ocr_carea' id='block_1_3' title="bbox 269 825 1394 1420">
    <p class='ocr_par' dir='ltr' id='par_1_3' title="bbox 269 825 1394 1420">
     <span class='ocr_line' id='line_1_5' title="bbox 270 825 1394 906; baseline -0.003 -14"><span class='ocrx_word' id='word_1_25' title='bbox 270 828 358 906; x_wconf 82' lang='lat' dir='ltr'>Quae</span> <span class='ocrx_word' id='word_1_26' title='bbox 391 828 487 893; x_wconf 88' lang='lat' dir='ltr'>verba</span> <span class='ocrx_word' id='word_1_27' title='bbox 515 828 555 893; x_wconf 86' lang='lat' dir='ltr'>ab</span> <span class='ocrx_word' id='word_1_28' title='bbox 583 825 756 892; x_wconf 83' lang='lat' dir='ltr'>editoribus</span> <span class='ocrx_word' id='word_1_29' title='bbox 785 827 815 890; x_wconf 91' lang='lat' dir='ltr'>in</span> <span class='ocrx_word' id='word_1_30' title='bbox 847 826 1012 892; x_wconf 91' lang='lat' dir='ltr'>iambicum</span> <span class='ocrx_word' id='word_1_31' title='bbox 1041 825 1237 892; x_wconf 87' lang='lat' dir='ltr'>octonarium</span> <span class='ocrx_word' id='word_1_32' title='bbox 1266 832 1299 891; x_wconf 92' lang='lat' dir='ltr'>et</span> <span class='ocrx_word' id='word_1_33' title='bbox 1320 826 1394 890; x_wconf 89' lang='lat' dir='ltr'>iam-</span> 
     </span>
     <span class='ocr_line' id='line_1_6' title="bbox 269 929 1393 1006; baseline -0.003 -12"><span class='ocrx_word' id='word_1_34' title='bbox 269 930 372 995; x_wconf 90' lang='lat' dir='ltr'>bicum</span> <span class='ocrx_word' id='word_1_35' title='bbox 396 929 561 995; x_wconf 89' lang='lat' dir='ltr'>dimetrum</span> <span class='ocrx_word' id='word_1_36' title='bbox 591 935 623 995; x_wconf 93' lang='lat' dir='ltr'>et</span> <span class='ocrx_word' id='word_1_37' title='bbox 651 930 815 996; x_wconf 89' lang='lat' dir='ltr'>iambicum</span> <span class='ocrx_word' id='word_1_38' title='bbox 838 929 1030 994; x_wconf 90' lang='lat' dir='ltr'>octonarium</span> <span class='ocrx_word' id='word_1_39' title='bbox 1053 930 1097 994; x_wconf 87' lang='lat' dir='ltr'>ita</span> <span class='ocrx_word' id='word_1_40' title='bbox 1120 929 1288 994; x_wconf 88' lang='lat' dir='ltr'>distributa</span> <span class='ocrx_word' id='word_1_41' title='bbox 1309 932 1393 1006; x_wconf 87' lang='lat' dir='ltr'>suut,</span> 
     </span>
     <span class='ocr_line' id='line_1_7' title="bbox 270 1029 1393 1114; baseline -0.001 -19"><span class='ocrx_word' id='word_1_42' title='bbox 270 1035 306 1095; x_wconf 92' lang='lat' dir='ltr'>ut</span> <span class='ocrx_word' id='word_1_43' title='bbox 326 1030 458 1097; x_wconf 91' lang='lat' dir='ltr'>iambico</span> <span class='ocrx_word' id='word_1_44' title='bbox 481 1031 612 1097; x_wconf 89' lang='lat' dir='ltr'>dimetro</span> <span class='ocrx_word' id='word_1_45' title='bbox 642 1050 680 1096; x_wconf 88' lang='lat' dir='ltr'>ea</span> <span class='ocrx_word' id='word_1_46' title='bbox 701 1031 796 1096; x_wconf 90' lang='lat' dir='ltr'>verba</span> <span class='ocrx_word' id='word_1_47' title='bbox 818 1030 1027 1111; x_wconf 80' lang='lat' dir='ltr'>assignentur,</span> <span class='ocrx_word' id='word_1_48' title='bbox 1057 1031 1172 1114; x_wconf 91' lang='lat' dir='ltr'>quibus</span> <span class='ocrx_word' id='word_1_49' title='bbox 1198 1031 1238 1095; x_wconf 87' lang='lat' dir='ltr'>ad</span> <span class='ocrx_word' id='word_1_50' title='bbox 1260 1029 1393 1095; x_wconf 89' lang='lat' dir='ltr'>alteram</span> 
     </span>
     <span class='ocr_line' id='line_1_8' title="bbox 269 1131 1393 1215; baseline -0.003 -18"><span class='ocrx_word' id='word_1_51' title='bbox 269 1139 390 1215; x_wconf 88' lang='lat' dir='ltr'>partem</span> <span class='ocrx_word' id='word_1_52' title='bbox 413 1132 545 1198; x_wconf 88' lang='lat' dir='ltr'>actionis</span> <span class='ocrx_word' id='word_1_53' title='bbox 566 1134 728 1198; x_wconf 83' lang='lat' dir='ltr'>transitur.</span> <span class='ocrx_word' id='word_1_54' title='bbox 762 1132 928 1215; x_wconf 79' lang='lat' dir='ltr'>Nunquam</span> <span class='ocrx_word' id='word_1_55' title='bbox 950 1151 1025 1197; x_wconf 88' lang='lat' dir='ltr'>vero</span> <span class='ocrx_word' id='word_1_56' title='bbox 1047 1140 1140 1214; x_wconf 89' lang='lat' dir='ltr'>poeta</span> <span class='ocrx_word' id='word_1_57' title='bbox 1161 1133 1246 1198; x_wconf 87' lang='lat' dir='ltr'>iuter</span> <span class='ocrx_word' id='word_1_58' title='bbox 1267 1131 1393 1197; x_wconf 87' lang='lat' dir='ltr'>eosdem</span> 
     </span>
     <span class='ocr_line' id='line_1_9' title="bbox 270 1232 1392 1318; baseline -0.004 -19"><span class='ocrx_word' id='word_1_59' title='bbox 270 1253 379 1301; x_wconf 87' lang='lat' dir='ltr'>versus</span> <span class='ocrx_word' id='word_1_60' title='bbox 412 1237 580 1301; x_wconf 84' lang='lat' dir='ltr'>transitum</span> <span class='ocrx_word' id='word_1_61' title='bbox 614 1234 751 1316; x_wconf 90' lang='lat' dir='ltr'>propriis</span> <span class='ocrx_word' id='word_1_62' title='bbox 784 1234 921 1301; x_wconf 87' lang='lat' dir='ltr'>numeris</span> <span class='ocrx_word' id='word_1_63' title='bbox 947 1234 1073 1302; x_wconf 85' lang='lat' dir='ltr'>inclusit</span> <span class='ocrx_word' id='word_1_64' title='bbox 1096 1234 1134 1300; x_wconf 90' lang='lat' dir='ltr'>ci.</span> <span class='ocrx_word' id='word_1_65' title='bbox 1157 1255 1225 1318; x_wconf 86' lang='lat' dir='ltr'>cap.</span> <span class='ocrx_word' id='word_1_66' title='bbox 1246 1233 1296 1299; x_wconf 88' lang='lat' dir='ltr'>VI.</span> <span class='ocrx_word' id='word_1_67' title='bbox 1320 1232 1343 1297; x_wconf 94' lang='grc' dir='ltr'>Ι.</span> <span class='ocrx_word' id='word_1_68' title='bbox 1363 1234 1392 1295; x_wconf 93' lang='grc'>1.</span> 
     </span>
     <span class='ocr_line' id='line_1_10' title="bbox 269 1335 1352 1420; baseline -0.005 -16"><span class='ocrx_word' id='word_1_69' title='bbox 269 1337 372 1415; x_wconf 82' lang='lat' dir='ltr'>Quare</span> <span class='ocrx_word' id='word_1_70' title='bbox 382 1337 478 1402; x_wconf 87' lang='lat' dir='ltr'>verba</span> <span class='ocrx_word' id='word_1_71' title='bbox 500 1337 545 1402; x_wconf 91' lang='lat' dir='ltr'>sic</span> <span class='ocrx_word' id='word_1_72' title='bbox 568 1335 783 1418; x_wconf 87' lang='lat' dir='ltr'>dispertienda</span> <span class='ocrx_word' id='word_1_73' title='bbox 804 1337 835 1402; x_wconf 90' lang='lat' dir='ltr'>in</span> <span class='ocrx_word' id='word_1_74' title='bbox 848 1356 956 1403; x_wconf 88' lang='lat' dir='ltr'>versus</span> <span class='ocrx_word' id='word_1_75' title='bbox 979 1356 1048 1404; x_wconf 89' lang='lat' dir='ltr'>esse</span> <span class='ocrx_word' id='word_1_76' title='bbox 1070 1339 1247 1420; x_wconf 89' lang='lat' dir='ltr'>suspicatus</span> <span class='ocrx_word' id='word_1_77' title='bbox 1269 1354 1352 1401; x_wconf 88' lang='lat' dir='ltr'>sum:</span> 
     </span>
    </p>
   </div>
   <div class='ocr_carea' id='block_1_4' title="bbox 371 1463 1391 1728">
    <p class='ocr_par' dir='ltr' id='par_1_4' title="bbox 371 1463 1391 1728">
     <span class='ocr_line' id='line_1_11' title="bbox 371 1463 1238 1538; baseline -0.002 -15"><span class='ocrx_word' id='word_1_78' title='bbox 371 1465 423 1524; x_wconf 81' lang='lat' dir='ltr'>iim</span> <span class='ocrx_word' id='word_1_79' title='bbox 444 1464 577 1523; x_wconf 81' lang='lat' dir='ltr'>astuitias:</span> <span class='ocrx_word' id='word_1_80' title='bbox 598 1465 672 1538; x_wconf 89' lang='lat' dir='ltr'>quod</span> <span class='ocrx_word' id='word_1_81' title='bbox 693 1465 719 1523; x_wconf 87' lang='lat' dir='ltr'>si</span> <span class='ocrx_word' id='word_1_82' title='bbox 739 1464 888 1538; x_wconf 85' lang='lat' dir='ltr'>quiessem,</span> <span class='ocrx_word' id='word_1_83' title='bbox 909 1464 981 1523; x_wconf 85' lang='lat' dir='ltr'>nihil</span> <span class='ocrx_word' id='word_1_84' title='bbox 1001 1464 1143 1525; x_wconf 73' lang='lat' dir='ltr'>escnisstt</span> <span class='ocrx_word' id='word_1_85' title='bbox 1162 1463 1238 1523; x_wconf 90' lang='lat' dir='ltr'>mali.</span> 
     </span>
     <span class='ocr_line' id='line_1_12' title="bbox 373 1554 1391 1632; baseline -0.003 -15"><span class='ocrx_word' id='word_1_86' title='bbox 373 1559 427 1618; x_wconf 76' lang='lat' dir='ltr'>aed</span> <span class='ocrx_word' id='word_1_87' title='bbox 449 1558 544 1619; x_wconf 78' lang='lat' dir='ltr'>docum</span> <span class='ocrx_word' id='word_1_88' title='bbox 558 1558 650 1632; x_wconf 88' lang='lat' dir='ltr'>ipsum</span> <span class='ocrx_word' id='word_1_89' title='bbox 662 1558 751 1617; x_wconf 85' lang='lat' dir='ltr'>rideo.</span> <span class='ocrx_word' id='word_1_90' title='bbox 777 1557 874 1618; x_wconf 82' lang='lat' dir='ltr'>teoidt</span> <span class='ocrx_word' id='word_1_91' title='bbox 899 1557 1014 1618; x_wconf 77' lang='lat' dir='ltr'>Utiudm</span> <span class='ocrx_word' id='word_1_92' title='bbox 1033 1557 1103 1617; x_wconf 90' lang='lat' dir='ltr'>mihi</span> <span class='ocrx_word' id='word_1_93' title='bbox 1123 1555 1232 1630; x_wconf 89' lang='lat' dir='ltr'>aliquid</span> <span class='ocrx_word' id='word_1_94' title='bbox 1247 1554 1391 1625; x_wconf 77' lang='lat' dir='ltr'>essethic,</span> 
     </span>
     <span class='ocr_line' id='line_1_13' title="bbox 371 1653 913 1728; baseline -0.004 -14"><span class='ocrx_word' id='word_1_95' title='bbox 371 1653 431 1724; x_wconf 75' lang='lat' dir='ltr'>Quo</span> <span class='ocrx_word' id='word_1_96' title='bbox 450 1654 525 1714; x_wconf 85' lang='lat' dir='ltr'>uduo</span> <span class='ocrx_word' id='word_1_97' title='bbox 545 1671 589 1712; x_wconf 91' lang='lat' dir='ltr'>ms</span> <span class='ocrx_word' id='word_1_98' title='bbox 608 1653 790 1728; x_wconf 75' lang='lat' dir='ltr'>praecipitdm</span> <span class='ocrx_word' id='word_1_99' title='bbox 810 1655 913 1713; x_wconf 87' lang='lat' dir='ltr'>darem.</span> 
     </span>
    </p>
   </div>
   <div class='ocr_carea' id='block_1_5' title="bbox 269 1771 1392 1956">
    <p class='ocr_par' dir='ltr' id='par_1_5' title="bbox 269 1771 1392 1956">
     <span class='ocr_line' id='line_1_14' title="bbox 269 1771 1392 1854; baseline 0.002 -18"><span class='ocrx_word' id='word_1_100' title='bbox 269 1771 359 1850; x_wconf 83' lang='lat' dir='ltr'>Quod</span> <span class='ocrx_word' id='word_1_101' title='bbox 390 1773 417 1837; x_wconf 88' lang='lat' dir='ltr'>si</span> <span class='ocrx_word' id='word_1_102' title='bbox 443 1771 623 1854; x_wconf 85' lang='lat' dir='ltr'>fecerimus,</span> <span class='ocrx_word' id='word_1_103' title='bbox 654 1778 738 1839; x_wconf 86' lang='lat' dir='ltr'>recte</span> <span class='ocrx_word' id='word_1_104' title='bbox 761 1773 882 1838; x_wconf 90' lang='lat' dir='ltr'>numeri</span> <span class='ocrx_word' id='word_1_105' title='bbox 909 1771 1002 1837; x_wconf 88' lang='lat' dir='ltr'>huius</span> <span class='ocrx_word' id='word_1_106' title='bbox 1032 1771 1135 1837; x_wconf 91' lang='lat' dir='ltr'>ultimi</span> <span class='ocrx_word' id='word_1_107' title='bbox 1157 1789 1267 1836; x_wconf 86' lang='lat' dir='ltr'>uersus</span> <span class='ocrx_word' id='word_1_108' title='bbox 1289 1771 1322 1837; x_wconf 92' lang='lat' dir='ltr'>in</span> <span class='ocrx_word' id='word_1_109' title='bbox 1344 1790 1392 1838; x_wconf 90' lang='lat' dir='ltr'>se·</span> 
     </span>
     <span class='ocr_line' id='line_1_15' title="bbox 269 1875 838 1956; baseline -0.002 -17"><span class='ocrx_word' id='word_1_110' title='bbox 269 1875 380 1956; x_wconf 87' lang='lat' dir='ltr'>quenti</span> <span class='ocrx_word' id='word_1_111' title='bbox 402 1893 516 1940; x_wconf 88' lang='lat' dir='ltr'>scaena</span> <span class='ocrx_word' id='word_1_112' title='bbox 538 1876 582 1941; x_wconf 89' lang='lat' dir='ltr'>sic</span> <span class='ocrx_word' id='word_1_113' title='bbox 604 1876 838 1942; x_wconf 89' lang='lat' dir='ltr'>continuantur:</span> 
     </span>
    </p>
   </div>
   <div class='ocr_carea' id='block_1_6' title="bbox 772 2000 1391 2076">
    <p class='ocr_par' dir='ltr' id='par_1_6' title="bbox 772 2000 1391 2076">
     <span class='ocr_line' id='line_1_16' title="bbox 772 2000 1391 2076; baseline 0.003 -15"><span class='ocrx_word' id='word_1_114' title='bbox 772 2001 829 2061; x_wconf 89' lang='lat' dir='ltr'>Ubi</span> <span class='ocrx_word' id='word_1_115' title='bbox 848 2001 908 2062; x_wconf 90' lang='lat' dir='ltr'>illio</span> <span class='ocrx_word' id='word_1_116' title='bbox 928 2000 971 2061; x_wconf 77' lang='lat' dir='ltr'>est</span> <span class='ocrx_word' id='word_1_117' title='bbox 990 2000 1092 2070; x_wconf 87' lang='lat' dir='ltr'>scelus,</span> <span class='ocrx_word' id='word_1_118' title='bbox 1113 2000 1162 2074; x_wconf 90' lang='lat' dir='ltr'>qui</span> <span class='ocrx_word' id='word_1_119' title='bbox 1183 2016 1226 2061; x_wconf 89' lang='lat' dir='ltr'>me</span> <span class='ocrx_word' id='word_1_120' title='bbox 1247 2001 1391 2076; x_wconf 76' lang='lat' dir='ltr'>perdidit?</span> 
     </span>
    </p>
   </div>
   <div class='ocr_carea' id='block_1_7' title="bbox 269 2109 1393 2512">
    <p class='ocr_par' dir='ltr' id='par_1_7' title="bbox 269 2109 1393 2399">
     <span class='ocr_line' id='line_1_17' title="bbox 269 2109 1393 2195; baseline 0 -19"><span class='ocrx_word' id='word_1_121' title='bbox 269 2109 432 2177; x_wconf 84' lang='lat' dir='ltr'>Secundus</span> <span class='ocrx_word' id='word_1_122' title='bbox 463 2114 597 2195; x_wconf 90' lang='lat' dir='ltr'>denique</span> <span class='ocrx_word' id='word_1_123' title='bbox 619 2131 745 2192; x_wconf 89' lang='lat' dir='ltr'>versus,</span> <span class='ocrx_word' id='word_1_124' title='bbox 776 2115 823 2178; x_wconf 89' lang='lat' dir='ltr'>uti</span> <span class='ocrx_word' id='word_1_125' title='bbox 851 2114 883 2178; x_wconf 91' lang='lat' dir='ltr'>in</span> <span class='ocrx_word' id='word_1_126' title='bbox 906 2110 1047 2178; x_wconf 86' lang='lat' dir='ltr'>Parisino</span> <span class='ocrx_word' id='word_1_127' title='bbox 1070 2113 1215 2191; x_wconf 85' lang='lat' dir='ltr'>traditur,</span> <span class='ocrx_word' id='word_1_128' title='bbox 1245 2111 1393 2193; x_wconf 85' lang='lat' dir='ltr'>explicari</span> 
     </span>
     <span class='ocr_line' id='line_1_18' title="bbox 270 2213 1393 2300; baseline 0 -22"><span class='ocrx_word' id='word_1_129' title='bbox 270 2232 331 2278; x_wconf 94' lang='lat' dir='ltr'>non</span> <span class='ocrx_word' id='word_1_130' title='bbox 352 2219 471 2295; x_wconf 89' lang='lat' dir='ltr'>potest:</span> <span class='ocrx_word' id='word_1_131' title='bbox 500 2216 699 2296; x_wconf 84' lang='lat' dir='ltr'>transpositis</span> <span class='ocrx_word' id='word_1_132' title='bbox 721 2220 826 2281; x_wconf 89' lang='lat' dir='ltr'>autem</span> <span class='ocrx_word' id='word_1_133' title='bbox 842 2215 969 2280; x_wconf 87' lang='lat' dir='ltr'>uocibus</span> <span class='ocrx_word' id='word_1_134' title='bbox 994 2214 1144 2300; x_wconf 67' lang='lat' dir='ltr'>optipisee</span> <span class='ocrx_word' id='word_1_135' title='bbox 1166 2213 1298 2278; x_wconf 78' lang='lat' dir='ltr'>etmihi</span> <span class='ocrx_word' id='word_1_136' title='bbox 1318 2215 1393 2279; x_wconf 89' lang='lat' dir='ltr'>iam·</span> 
     </span>
     <span class='ocr_line' id='line_1_19' title="bbox 269 2315 1282 2399; baseline -0.001 -17"><span class='ocrx_word' id='word_1_137' title='bbox 269 2315 358 2382; x_wconf 90' lang='lat' dir='ltr'>bicos</span> <span class='ocrx_word' id='word_1_138' title='bbox 380 2318 558 2383; x_wconf 88' lang='lat' dir='ltr'>octonarius</span> <span class='ocrx_word' id='word_1_139' title='bbox 580 2317 694 2398; x_wconf 89' lang='lat' dir='ltr'>evadit,</span> <span class='ocrx_word' id='word_1_140' title='bbox 716 2320 770 2399; x_wconf 90' lang='lat' dir='ltr'>qui</span> <span class='ocrx_word' id='word_1_141' title='bbox 792 2319 850 2385; x_wconf 90' lang='lat' dir='ltr'>hoc</span> <span class='ocrx_word' id='word_1_142' title='bbox 873 2318 940 2384; x_wconf 89' lang='lat' dir='ltr'>loco</span> <span class='ocrx_word' id='word_1_143' title='bbox 962 2337 1061 2399; x_wconf 90' lang='lat' dir='ltr'>paene</span> <span class='ocrx_word' id='word_1_144' title='bbox 1083 2316 1282 2399; x_wconf 80' lang='lat' dir='ltr'>efflagitatur.</span> 
     </span>
    </p>

    <p class='ocr_par' dir='ltr' id='par_1_8' title="bbox 308 2433 1354 2512">
     <span class='ocr_line' id='line_1_20' title="bbox 308 2433 1354 2512; baseline -0.001 -17"><span class='ocrx_word' id='word_1_145' title='bbox 308 2433 321 2502; x_wconf 89' lang='grc' dir='ltr'>ΙΙ</span> <span class='ocrx_word' id='word_1_146' title='bbox 332 2435 416 2495; x_wconf 88' lang='lat' dir='ltr'>Perii.</span> <span class='ocrx_word' id='word_1_147' title='bbox 429 2433 555 2510; x_wconf 85' lang='lat' dir='ltr'>ii&#39;Atque</span> <span class='ocrx_word' id='word_1_148' title='bbox 576 2435 629 2496; x_wconf 88' lang='lat' dir='ltr'>hoo</span> <span class='ocrx_word' id='word_1_149' title='bbox 649 2435 783 2496; x_wconf 75' lang='lat' dir='ltr'>mutuor</span> <span class='ocrx_word' id='word_1_150' title='bbox 802 2437 862 2496; x_wconf 87' lang='lat' dir='ltr'>iure</span> <span class='ocrx_word' id='word_1_151' title='bbox 882 2437 1020 2512; x_wconf 84' lang='lat' dir='ltr'>optigtsse</span> <span class='ocrx_word' id='word_1_152' title='bbox 1034 2437 1114 2508; x_wconf 88' lang='lat' dir='ltr'>mihi,</span> <span class='ocrx_word' id='word_1_153' title='bbox 1129 2435 1354 2511; x_wconf 85' lang='lat' dir='ltr'>quaudtquidem</span> 
     </span>
    </p>
   </div>
   <div class='ocr_carea' id='block_1_8' title="bbox 269 2553 1392 2734">
    <p class='ocr_par' dir='ltr' id='par_1_9' title="bbox 269 2553 1392 2734">
     <span class='ocr_line' id='line_1_21' title="bbox 269 2553 1392 2637; baseline 0.002 -19"><span class='ocrx_word' id='word_1_154' title='bbox 269 2554 374 2632; x_wconf 84' lang='lat' dir='ltr'>Quare</span> <span class='ocrx_word' id='word_1_155' title='bbox 392 2575 430 2620; x_wconf 90' lang='lat' dir='ltr'>ex</span> <span class='ocrx_word' id='word_1_156' title='bbox 452 2553 595 2620; x_wconf 85' lang='lat' dir='ltr'>Parisino</span> <span class='ocrx_word' id='word_1_157' title='bbox 622 2556 718 2633; x_wconf 85' lang='lat' dir='ltr'>libro,</span> <span class='ocrx_word' id='word_1_158' title='bbox 748 2557 797 2622; x_wconf 92' lang='lat' dir='ltr'>cui</span> <span class='ocrx_word' id='word_1_159' title='bbox 820 2575 881 2623; x_wconf 91' lang='lat' dir='ltr'>nou</span> <span class='ocrx_word' id='word_1_160' title='bbox 903 2563 968 2636; x_wconf 87' lang='lat' dir='ltr'>eat,</span> <span class='ocrx_word' id='word_1_161' title='bbox 998 2558 1083 2637; x_wconf 90' lang='lat' dir='ltr'>quod</span> <span class='ocrx_word' id='word_1_162' title='bbox 1110 2555 1306 2636; x_wconf 87' lang='lat' dir='ltr'>diffidamus,</span> <span class='ocrx_word' id='word_1_163' title='bbox 1334 2556 1392 2620; x_wconf 92' lang='lat' dir='ltr'>hos</span> 
     </span>
     <span class='ocr_line' id='line_1_22' title="bbox 270 2655 977 2734; baseline 0.003 -15"><span class='ocrx_word' id='word_1_164' title='bbox 270 2673 380 2722; x_wconf 87' lang='lat' dir='ltr'>versus</span> <span class='ocrx_word' id='word_1_165' title='bbox 402 2655 536 2722; x_wconf 87' lang='lat' dir='ltr'>fortasse</span> <span class='ocrx_word' id='word_1_166' title='bbox 559 2657 675 2723; x_wconf 91' lang='lat' dir='ltr'>rectius</span> <span class='ocrx_word' id='word_1_167' title='bbox 696 2657 977 2734; x_wconf 87' lang='lat' dir='ltr'>restituerimus¹):</span> 
     </span>
    </p>
   </div>
   <div class='ocr_carea' id='block_1_9' title="bbox 273 2784 1393 3974">
    <p class='ocr_par' dir='ltr' id='par_1_10' title="bbox 273 2784 1393 3974">
     <span class='ocr_line' id='line_1_23' title="bbox 768 2784 1393 2861; baseline 0 -17"><span class='ocrx_word' id='word_1_168' title='bbox 768 2785 825 2845; x_wconf 90' lang='lat' dir='ltr'>Ubi</span> <span class='ocrx_word' id='word_1_169' title='bbox 845 2785 904 2846; x_wconf 88' lang='lat' dir='ltr'>illio</span> <span class='ocrx_word' id='word_1_170' title='bbox 925 2785 968 2846; x_wconf 70' lang='lat' dir='ltr'>cst</span> <span class='ocrx_word' id='word_1_171' title='bbox 987 2785 1089 2859; x_wconf 86' lang='lat' dir='ltr'>scelus,</span> <span class='ocrx_word' id='word_1_172' title='bbox 1110 2786 1159 2861; x_wconf 91' lang='lat' dir='ltr'>qui</span> <span class='ocrx_word' id='word_1_173' title='bbox 1178 2801 1222 2846; x_wconf 91' lang='lat' dir='ltr'>me</span> <span class='ocrx_word' id='word_1_174' title='bbox 1245 2784 1393 2860; x_wconf 78' lang='lat' dir='ltr'>perdidit?</span> 
     </span>
     <span class='ocr_line' id='line_1_24' title="bbox 372 2874 1391 2955; baseline 0 -17"><span class='ocrx_word' id='word_1_175' title='bbox 372 2877 387 2946; x_wconf 84' lang='lat' dir='ltr'>ii</span> <span class='ocrx_word' id='word_1_176' title='bbox 405 2878 514 2946; x_wconf 76' lang='lat' dir='ltr'>Periti!</span> <span class='ocrx_word' id='word_1_177' title='bbox 534 2874 636 2953; x_wconf 80' lang='lat' dir='ltr'>&#39;Atque</span> <span class='ocrx_word' id='word_1_178' title='bbox 661 2880 715 2940; x_wconf 87' lang='lat' dir='ltr'>hoo</span> <span class='ocrx_word' id='word_1_179' title='bbox 745 2878 881 2939; x_wconf 86' lang='lat' dir='ltr'>eonfitedr</span> <span class='ocrx_word' id='word_1_180' title='bbox 905 2879 965 2940; x_wconf 90' lang='lat' dir='ltr'>iure</span> <span class='ocrx_word' id='word_1_181' title='bbox 991 2878 1128 2955; x_wconf 76' lang='lat' dir='ltr'>optigisse</span> <span class='ocrx_word' id='word_1_182' title='bbox 1153 2879 1236 2953; x_wconf 88' lang='lat' dir='ltr'>mihi,</span> <span class='ocrx_word' id='word_1_183' title='bbox 1266 2877 1391 2954; x_wconf 75' lang='lat' dir='ltr'>quande·</span> 
     </span>
     <span class='ocr_line' id='line_1_25' title="bbox 808 2969 1289 3046; baseline -0.004 -12"><span class='ocrx_word' id='word_1_184' title='bbox 808 2969 812 2976; x_wconf 77' lang='grc'><strong>“</strong></span> <span class='ocrx_word' id='word_1_185' title='bbox 1177 2973 1289 3046; x_wconf 87' lang='lat' dir='ltr'>quidem</span> 
     </span>
     <span class='ocr_line' id='line_1_26' title="bbox 371 3066 1298 3141; baseline -0.002 -13"><span class='ocrx_word' id='word_1_186' title='bbox 371 3069 440 3128; x_wconf 82' lang='lat' dir='ltr'>Tam</span> <span class='ocrx_word' id='word_1_187' title='bbox 462 3066 547 3141; x_wconf 79' lang='lat' dir='ltr'>intus,</span> <span class='ocrx_word' id='word_1_188' title='bbox 567 3068 626 3127; x_wconf 89' lang='lat' dir='ltr'>tam</span> <span class='ocrx_word' id='word_1_189' title='bbox 646 3067 717 3127; x_wconf 93' lang='lat' dir='ltr'>nulli</span> <span class='ocrx_word' id='word_1_190' title='bbox 737 3067 837 3128; x_wconf 79' lang='lat' dir='ltr'>ctusiii</span> <span class='ocrx_word' id='word_1_191' title='bbox 857 3085 933 3128; x_wconf 91' lang='lat' dir='ltr'>sum:</span> <span class='ocrx_word' id='word_1_192' title='bbox 953 3066 1053 3127; x_wconf 76' lang='lat' dir='ltr'>serron</span> <span class='ocrx_word' id='word_1_193' title='bbox 1075 3067 1202 3128; x_wconf 77' lang='lat' dir='ltr'>fortunas</span> <span class='ocrx_word' id='word_1_194' title='bbox 1223 3083 1298 3128; x_wconf 86' lang='lat' dir='ltr'>meas</span> 
     </span>
     <span class='ocr_line' id='line_1_27' title="bbox 370 3159 1390 3236; baseline -0.003 -14"><span class='ocrx_word' id='word_1_195' title='bbox 370 3163 416 3222; x_wconf 78' lang='lat' dir='ltr'>tte</span> <span class='ocrx_word' id='word_1_196' title='bbox 436 3160 607 3222; x_wconf 83' lang='lat' dir='ltr'>ctmmisisse</span> <span class='ocrx_word' id='word_1_197' title='bbox 626 3160 727 3221; x_wconf 85' lang='lat' dir='ltr'>idttilii</span> <span class='ocrx_word' id='word_1_198' title='bbox 748 3178 814 3235; x_wconf 82' lang='lat' dir='ltr'>ergo</span> <span class='ocrx_word' id='word_1_199' title='bbox 835 3160 955 3234; x_wconf 78' lang='lat' dir='ltr'>pretium</span> <span class='ocrx_word' id='word_1_200' title='bbox 976 3161 1011 3219; x_wconf 93' lang='lat' dir='ltr'>ob</span> <span class='ocrx_word' id='word_1_201' title='bbox 1031 3159 1181 3220; x_wconf 78' lang='lat' dir='ltr'>stultitiam</span> <span class='ocrx_word' id='word_1_202' title='bbox 1202 3160 1271 3220; x_wconf 88' lang='lat' dir='ltr'>iero.</span> <span class='ocrx_word' id='word_1_203' title='bbox 1320 3161 1390 3236; x_wconf 89' lang='lat' dir='ltr'>[iure</span> 
     </span>
     <span class='ocr_line' id='line_1_28' title="bbox 290 3252 1391 3328; baseline -0.004 -13"><span class='ocrx_word' id='word_1_204' title='bbox 290 3263 307 3315; x_wconf 82' lang='lat'><strong>5</strong></span> <span class='ocrx_word' id='word_1_205' title='bbox 371 3255 425 3316; x_wconf 84' lang='lat' dir='ltr'>Sed</span> <span class='ocrx_word' id='word_1_206' title='bbox 446 3256 565 3316; x_wconf 80' lang='lat' dir='ltr'>inditum</span> <span class='ocrx_word' id='word_1_207' title='bbox 587 3254 616 3313; x_wconf 93' lang='lat' dir='ltr'>id</span> <span class='ocrx_word' id='word_1_208' title='bbox 630 3271 780 3328; x_wconf 84' lang='lat' dir='ltr'>numquam</span> <span class='ocrx_word' id='word_1_209' title='bbox 800 3252 918 3313; x_wconf 76' lang='lat' dir='ltr'>auferet</span> <span class='ocrx_word' id='word_1_210' title='bbox 930 3253 942 3320; x_wconf 91' lang='grc' dir='ltr'>ΙΙ</span> <span class='ocrx_word' id='word_1_211' title='bbox 954 3253 1076 3312; x_wconf 87' lang='lat' dir='ltr'>Posthac</span> <span class='ocrx_word' id='word_1_212' title='bbox 1095 3252 1261 3313; x_wconf 81' lang='lat' dir='ltr'>inediumem</span> <span class='ocrx_word' id='word_1_213' title='bbox 1272 3256 1319 3313; x_wconf 85' lang='lat' dir='ltr'>sat</span> <span class='ocrx_word' id='word_1_214' title='bbox 1332 3252 1391 3313; x_wconf 79' lang='lat' dir='ltr'>scit</span> 
     </span>
     <span class='ocr_line' id='line_1_29' title="bbox 371 3348 884 3424; baseline -0.008 -16"><span class='ocrx_word' id='word_1_215' title='bbox 371 3351 426 3424; x_wconf 82' lang='lat' dir='ltr'>Me,</span> <span class='ocrx_word' id='word_1_216' title='bbox 448 3350 522 3409; x_wconf 87' lang='lat' dir='ltr'>uduo</span> <span class='ocrx_word' id='word_1_217' title='bbox 541 3350 566 3409; x_wconf 93' lang='lat' dir='ltr'>si</span> <span class='ocrx_word' id='word_1_218' title='bbox 587 3349 680 3409; x_wconf 81' lang='lat' dir='ltr'>desito</span> <span class='ocrx_word' id='word_1_219' title='bbox 701 3348 754 3410; x_wconf 81' lang='lat' dir='ltr'>hdo</span> <span class='ocrx_word' id='word_1_220' title='bbox 772 3348 884 3408; x_wconf 90' lang='lat' dir='ltr'>malum.</span> 
     </span>
     <span class='ocr_line' id='line_1_30' title="bbox 371 3441 1347 3519; baseline -0.005 -15"><span class='ocrx_word' id='word_1_221' title='bbox 371 3441 385 3511; x_wconf 81' lang='lat' dir='ltr'>ii</span> <span class='ocrx_word' id='word_1_222' title='bbox 404 3445 477 3504; x_wconf 85' lang='lat' dir='ltr'>Nam</span> <span class='ocrx_word' id='word_1_223' title='bbox 498 3444 566 3518; x_wconf 89' lang='lat' dir='ltr'>quid</span> <span class='ocrx_word' id='word_1_224' title='bbox 578 3460 631 3519; x_wconf 77' lang='lat' dir='ltr'>ego</span> <span class='ocrx_word' id='word_1_225' title='bbox 651 3461 725 3502; x_wconf 89' lang='lat' dir='ltr'>nuuc</span> <span class='ocrx_word' id='word_1_226' title='bbox 738 3442 829 3502; x_wconf 73' lang='lat' dir='ltr'>diotm</span> <span class='ocrx_word' id='word_1_227' title='bbox 844 3442 938 3516; x_wconf 80' lang='lat' dir='ltr'>patrii</span> <span class='ocrx_word' id='word_1_228' title='bbox 958 3441 1170 3515; x_wconf 76' lang='lat' dir='ltr'>negibouvslle</span> <span class='ocrx_word' id='word_1_229' title='bbox 1191 3441 1243 3513; x_wconf 79' lang='lat' dir='ltr'>md,</span> <span class='ocrx_word' id='word_1_230' title='bbox 1266 3441 1347 3500; x_wconf 87' lang='lat' dir='ltr'>modo</span> 
     </span>
     <span class='ocr_line' id='line_1_31' title="bbox 372 3534 1341 3611; baseline -0.004 -13"><span class='ocrx_word' id='word_1_231' title='bbox 372 3537 426 3609; x_wconf 79' lang='lat' dir='ltr'>Qui</span> <span class='ocrx_word' id='word_1_232' title='bbox 446 3538 506 3597; x_wconf 80' lang='lat' dir='ltr'>sitm</span> <span class='ocrx_word' id='word_1_233' title='bbox 527 3537 669 3611; x_wconf 84' lang='lat' dir='ltr'>pollicitus</span> <span class='ocrx_word' id='word_1_234' title='bbox 690 3537 810 3597; x_wconf 78' lang='lat' dir='ltr'>dicere?</span> <span class='ocrx_word' id='word_1_235' title='bbox 831 3553 886 3610; x_wconf 90' lang='lat' dir='ltr'>qua</span> <span class='ocrx_word' id='word_1_236' title='bbox 905 3534 1024 3596; x_wconf 76' lang='lat' dir='ltr'>audacia</span> <span class='ocrx_word' id='word_1_237' title='bbox 1043 3534 1073 3593; x_wconf 93' lang='lat' dir='ltr'>id</span> <span class='ocrx_word' id='word_1_238' title='bbox 1093 3534 1186 3594; x_wconf 86' lang='lat' dir='ltr'>iacere</span> <span class='ocrx_word' id='word_1_239' title='bbox 1206 3534 1341 3594; x_wconf 77' lang='lat' dir='ltr'>arideum?</span> 
     </span>
     <span class='ocr_line' id='line_1_32' title="bbox 373 3627 1390 3703; baseline -0.004 -13"><span class='ocrx_word' id='word_1_240' title='bbox 373 3631 435 3690; x_wconf 80' lang='lat' dir='ltr'>Nea</span> <span class='ocrx_word' id='word_1_241' title='bbox 455 3629 522 3703; x_wconf 86' lang='lat' dir='ltr'>quid</span> <span class='ocrx_word' id='word_1_242' title='bbox 543 3644 586 3689; x_wconf 89' lang='lat' dir='ltr'>me</span> <span class='ocrx_word' id='word_1_243' title='bbox 606 3646 681 3690; x_wconf 90' lang='lat' dir='ltr'>nuuc</span> <span class='ocrx_word' id='word_1_244' title='bbox 702 3628 804 3689; x_wconf 78' lang='lat' dir='ltr'>iaciim</span> <span class='ocrx_word' id='word_1_245' title='bbox 824 3629 892 3688; x_wconf 87' lang='lat' dir='ltr'>scio.</span> <span class='ocrx_word' id='word_1_246' title='bbox 904 3627 917 3695; x_wconf 85' lang='lat' dir='ltr'>ii</span> <span class='ocrx_word' id='word_1_247' title='bbox 932 3629 994 3688; x_wconf 81' lang='lat' dir='ltr'>Nee</span> <span class='ocrx_word' id='word_1_248' title='bbox 1014 3628 1080 3702; x_wconf 88' lang='lat' dir='ltr'>quid</span> <span class='ocrx_word' id='word_1_249' title='bbox 1100 3644 1158 3700; x_wconf 89' lang='lat' dir='ltr'>me,</span> <span class='ocrx_word' id='word_1_250' title='bbox 1183 3631 1268 3702; x_wconf 90' lang='lat' dir='ltr'>atque</span> <span class='ocrx_word' id='word_1_251' title='bbox 1288 3627 1316 3686; x_wconf 91' lang='lat' dir='ltr'>id</span> <span class='ocrx_word' id='word_1_252' title='bbox 1336 3643 1390 3702; x_wconf 73' lang='lat' dir='ltr'>ago</span> 
     </span>
     <span class='ocr_line' id='line_1_33' title="bbox 1177 3720 1285 3781; baseline -0.019 -1"><span class='ocrx_word' id='word_1_253' title='bbox 1177 3720 1285 3781; x_wconf 78' lang='lat' dir='ltr'>sedulo.</span> 
     </span>
     <span class='ocr_line' id='line_1_34' title="bbox 273 3812 1390 3892; baseline -0.005 -14"><span class='ocrx_word' id='word_1_254' title='bbox 273 3825 308 3880; x_wconf 88' lang='lat'>10</span> <span class='ocrx_word' id='word_1_255' title='bbox 371 3817 470 3879; x_wconf 86' lang='lat' dir='ltr'>Dicam</span> <span class='ocrx_word' id='word_1_256' title='bbox 490 3816 599 3892; x_wconf 79' lang='lat' dir='ltr'>aliquid</span> <span class='ocrx_word' id='word_1_257' title='bbox 620 3833 664 3876; x_wconf 90' lang='lat' dir='ltr'>me</span> <span class='ocrx_word' id='word_1_258' title='bbox 680 3816 868 3890; x_wconf 79' lang='lat' dir='ltr'>inuenturum,</span> <span class='ocrx_word' id='word_1_259' title='bbox 885 3817 919 3875; x_wconf 89' lang='lat' dir='ltr'>ut</span> <span class='ocrx_word' id='word_1_260' title='bbox 931 3816 998 3876; x_wconf 89' lang='lat' dir='ltr'>huic</span> <span class='ocrx_word' id='word_1_261' title='bbox 1012 3816 1083 3876; x_wconf 92' lang='lat' dir='ltr'>malo</span> <span class='ocrx_word' id='word_1_262' title='bbox 1097 3814 1220 3889; x_wconf 80' lang='lat' dir='ltr'>aliquam</span> <span class='ocrx_word' id='word_1_263' title='bbox 1240 3812 1390 3890; x_wconf 75' lang='lat' dir='ltr'>produotm</span> 
     </span>
     <span class='ocr_line' id='line_1_35' title="bbox 1077 3906 1289 3974; baseline 0.009 -8"><span class='ocrx_word' id='word_1_264' title='bbox 1077 3924 1192 3966; x_wconf 87' lang='lat' dir='ltr'>moram.</span> <span class='ocrx_word' id='word_1_265' title='bbox 1207 3906 1221 3974; x_wconf 90' lang='grc' dir='ltr'>ΙΙ</span> <span class='ocrx_word' id='word_1_266' title='bbox 1236 3907 1289 3968; x_wconf 87' lang='lat' dir='ltr'>Oh.</span> 
     </span>
    </p>
   </div>
   <div class='ocr_carea' id='block_1_10' title="bbox 270 4049 1391 4282">
    <p class='ocr_par' dir='ltr' id='par_1_11' title="bbox 270 4049 1391 4282">
     <span class='ocr_line' id='line_1_36' title="bbox 337 4049 1391 4125; baseline -0.005 -17"><span class='ocrx_word' id='word_1_267' title='bbox 337 4056 361 4125; x_wconf 92' lang='lat'>1)</span> <span class='ocrx_word' id='word_1_268' title='bbox 382 4053 453 4108; x_wconf 85' lang='lat' dir='ltr'>Mira</span> <span class='ocrx_word' id='word_1_269' title='bbox 475 4053 591 4123; x_wconf 89' lang='lat' dir='ltr'>quadam</span> <span class='ocrx_word' id='word_1_270' title='bbox 614 4052 761 4122; x_wconf 76' lang='lat' dir='ltr'>sagacitate</span> <span class='ocrx_word' id='word_1_271' title='bbox 784 4050 944 4107; x_wconf 76' lang='lat' dir='ltr'>Conradtius</span> <span class='ocrx_word' id='word_1_272' title='bbox 967 4065 1012 4120; x_wconf 72' lang='lat' dir='ltr'>pq.</span> <span class='ocrx_word' id='word_1_273' title='bbox 1025 4051 1058 4106; x_wconf 77' lang='lat' dir='ltr'>tt</span> <span class='ocrx_word' id='word_1_274' title='bbox 1081 4049 1131 4104; x_wconf 91' lang='lat' dir='ltr'>hos</span> <span class='ocrx_word' id='word_1_275' title='bbox 1148 4064 1241 4105; x_wconf 86' lang='lat' dir='ltr'>versus</span> <span class='ocrx_word' id='word_1_276' title='bbox 1263 4049 1391 4105; x_wconf 86' lang='lat' dir='ltr'>iambicos</span> 
     </span>
     <span class='ocr_line' id='line_1_37' title="bbox 270 4135 1391 4208; baseline -0.004 -13"><span class='ocrx_word' id='word_1_277' title='bbox 270 4139 420 4196; x_wconf 87' lang='lat' dir='ltr'>octonarios</span> <span class='ocrx_word' id='word_1_278' title='bbox 438 4153 496 4193; x_wconf 82' lang='lat' dir='ltr'>esse</span> <span class='ocrx_word' id='word_1_279' title='bbox 513 4138 684 4208; x_wconf 75' lang='lat' dir='ltr'>praesagivit,</span> <span class='ocrx_word' id='word_1_280' title='bbox 702 4151 913 4207; x_wconf 75' lang='lat' dir='ltr'>quemquamne</span> <span class='ocrx_word' id='word_1_281' title='bbox 931 4152 1012 4191; x_wconf 87' lang='lat' dir='ltr'>unum</span> <span class='ocrx_word' id='word_1_282' title='bbox 1031 4136 1137 4206; x_wconf 89' lang='lat' dir='ltr'>quidem</span> <span class='ocrx_word' id='word_1_283' title='bbox 1155 4151 1260 4191; x_wconf 84' lang='lat' dir='ltr'>versum</span> <span class='ocrx_word' id='word_1_284' title='bbox 1278 4151 1313 4190; x_wconf 86' lang='lat' dir='ltr'>ex</span> <span class='ocrx_word' id='word_1_285' title='bbox 1329 4135 1391 4191; x_wconf 78' lang='lat' dir='ltr'>utri</span> 
     </span>
     <span class='ocr_line' id='line_1_38' title="bbox 270 4224 864 4282; baseline -0.003 -2"><span class='ocrx_word' id='word_1_286' title='bbox 270 4225 331 4282; x_wconf 86' lang='lat' dir='ltr'>Par.</span> <span class='ocrx_word' id='word_1_287' title='bbox 349 4224 510 4280; x_wconf 83' lang='lat' dir='ltr'>auctoritate</span> <span class='ocrx_word' id='word_1_288' title='bbox 528 4224 670 4280; x_wconf 88' lang='lat' dir='ltr'>restituere</span> <span class='ocrx_word' id='word_1_289' title='bbox 688 4228 800 4280; x_wconf 83' lang='lat' dir='ltr'>conatus</span> <span class='ocrx_word' id='word_1_290' title='bbox 816 4233 864 4278; x_wconf 80' lang='lat' dir='ltr'>esc</span> 
     </span>
    </p>
   </div>
   <div class='ocr_carea' id='block_1_11' title="bbox 0 0 1542 4886">
    <p class='ocr_par' dir='ltr' id='par_1_12' title="bbox 0 0 1542 4886">
     <span class='ocr_line' id='line_1_39' title="bbox 0 0 1542 4886; baseline 0 0"><span class='ocrx_word' id='word_1_291' title='bbox 0 0 1542 4886; x_wconf 95' lang='lat' dir='ltr'> </span> 
     </span>
    </p>
   </div>
  </div>
 </body>
</html>
