3074 4886
689 284 729 347 '23

605 374 742 382 -....-.,.
773 374 807 380 .—

185 488 304 580 Urorem
325 487 376 546 ubi
396 502 439 546 me
459 487 494 545 ad
515 487 601 546 liliam
623 487 664 547 ire
685 488 783 560 sensit,
804 504 834 547 se
856 487 936 546 duxit
955 488 1039 547 foras.
1065 490 1151 562 atqua
1171 505 1266 548 comm

187 581 285 640 Video.
312 579 379 655 quid
399 579 451 649 ais,
471 581 634 656 Myrrhina?
660 582 730 640 heus
750 581 802 639 tihi
824 581 892 640 dico.
906 580 918 648 ΙΙ
935 580 1051 652 Mihiua,
1073 581 1210 653 (milviri

145 701 177 766 in
199 699 342 766 Parisino
367 705 398 765 et
420 700 640 766 Ambrosiano:

186 829 263 888 Uxor
286 827 334 886 ubi
355 843 398 885 ma
418 827 453 884 ad
474 827 558 886 filiam
579 827 621 884 ire
641 827 737 900 sensit,
759 843 789 886 so
811 827 891 886 duxit
910 827 993 886 foras.

185 923 278 993 Atque
289 937 381 980 accam
396 921 484 979 video.
500 921 567 993 quid
578 921 629 993 ais,
640 921 805 996 Myrrhina?
825 922 895 980 haus
909 921 963 980 tibi
978 921 1046 980 dieo.
1060 921 1071 988 ll
1084 923 1201 995 Mihina,
1213 924 1265 983 vir.

231 1048 434 1114 accusativus
456 1069 594 1126 umorem,
617 1048 672 1127 qui
695 1050 725 1112 in
741 1046 891 1114 Bembino
914 1048 993 1112 libro
1009 1068 1114 1114 errore
1130 1051 1266 1131 scriptus

143 1148 269 1214 videtur
290 1168 367 1223 esse,
392 1168 410 1212 a
432 1156 608 1215 correctore
632 1152 748 1216 recenti
771 1151 885 1215 litteris
909 1172 955 1212 cm
977 1152 1112 1216 inductis
1134 1159 1218 1218 recte
1233 1151 1266 1218 in

143 1252 364 1316 nominativum
388 1257 527 1318 mutatus
550 1256 608 1332 est,
630 1269 722 1332 quern
739 1250 882 1318 Donatus
897 1253 1055 1333 ceterique
1070 1253 1142 1318 libri
1158 1273 1265 1320 omnes

143 1351 299 1418 exhibent.
334 1353 507 1418 Pronomen
531 1359 635 1418 autern
658 1354 703 1416 mi
725 1372 806 1419 unus
822 1353 965 1418 Donatus
988 1355 1019 1418 iu
1042 1355 1187 1420 lemmate
1202 1374 1265 1420 ser-

143 1455 241 1530 vavit,
268 1453 350 1533 quod
379 1460 411 1517 et
434 1455 602 1518 Bembinus
626 1460 657 1518 et
681 1453 865 1536 Calliopiani
887 1455 1075 1534 omiserunt,
1099 1457 1160 1521 uisi
1182 1458 1265 1540 quud

141 1558 173 1620 in
196 1556 345 1621 Bembino
368 1560 452 1620 etin
475 1556 679 1622 Riccardiauo
702 1576 721 1622 a
744 1558 989 1634 correctoribus,
1020 1557 1086 1624 sive
1110 1578 1127 1623 e
1149 1559 1266 1624 coniec-

142 1663 214 1722 tura
244 1659 309 1723 sive
339 1657 493 1723 eDonati
523 1659 758 1734 commentario,
787 1659 869 1723 inter
899 1676 1009 1722 versus
1039 1659 1180 1724 additum
1207 1665 1264 1724 est.

142 1759 250 1839 Neque
274 1768 377 1824 tamen
402 1759 539 1824 dubitari
561 1759 643 1834 licet,
667 1753 741 1840 quin
764 1777 933 1841 pronomen
949 1760 1093 1826 mirecte
1108 1781 1128 1826 a
1142 1761 1265 1827 Donato

142 1860 293 1925 traditum
316 1861 368 1926 sit.
402 1857 488 1928 Uxor
510 1862 591 1924 enim
614 1861 725 1924 timore
748 1867 840 1941 capta
859 1859 972 1925 blande
987 1860 1101 1925 iratum
1117 1862 1265 1926 maritum

141 1961 319 2042 alloquitur,
342 1963 375 2028 id
398 1962 481 2045 quod
504 1981 541 2026 ex
564 1963 667 2027 mariti
690 1963 908 2042 respondentis
931 1963 1034 2028 verbis
1056 1962 1131 2044 ipsis
1147 1963 1263 2028 elucet:

149 2064 207 2127 Vir
230 2086 283 2149 ayo
306 2075 375 2128 taos
397 2065 469 2128 sim.
504 2063 615 2129 Cetera
638 2071 741 2130 autern
765 2065 861 2130 verba
878 2065 986 2145 logicis
1009 2070 1041 2130 et
1055 2063 1265 2146 grammaticis

140 2169 262 2249 legibus
296 2169 374 2234 bane
406 2167 681 2234 accommodantur
710 2174 742 2232 et
768 2165 918 2232 librorum
949 2167 1085 2231 omnium
1112 2182 1264 2231 consensu

140 2270 324 2334 traduntur:
351 2287 448 2350 quare
477 2269 537 2334 nisi
567 2269 705 2334 metricis
732 2268 855 2349 legibus
879 2270 1080 2348 obstrepunt,
1110 2269 1177 2332 sine
1199 2265 1264 2333 ulla

141 2371 336 2438 dubitatione
359 2373 504 2436 videntur
526 2371 692 2435 retinenda
712 2387 790 2435 asse.

227 2475 330 2554 Atque
359 2491 468 2538 versus
504 2489 582 2554 quus
612 2470 784 2537 Bembinus
813 2471 942 2536 tradidit
975 2472 1112 2538 numeris
1142 2471 1263 2536 astricti

141 2580 214 2639 sunt
236 2572 339 2650 nullis,
364 2574 453 2638 malis
475 2591 552 2653 quos
568 2572 729 2638 Parisinus
753 2579 784 2637 ct
798 2573 1023 2639 Ambrosianus
1039 2574 1262 2638 distinxerunt:

140 2693 212 2740 narn
240 2677 336 2741 verba
366 2685 459 2758 atque
487 2697 588 2738 eccam
610 2697 671 2736 v-
699 2675 852 2756 usquein
876 2673 991 2756 dactyli
1014 2692 1115 2755 neque
1136 2676 1167 2738 in
1189 2694 1263 2740 aua-

139 2779 239 2860 puesti
262 2795 438 2843 mensuram
462 2777 540 2843 bene
556 2783 748 2842 coartantur.
784 2774 930 2840 Editores
946 2781 1000 2841 aut
1015 2777 1113 2842 malos
1128 2775 1262 2841 Parisini

140 2897 249 2944 versus
272 2880 484 2957 retinuerunt,
514 2886 550 2942 ut
571 2879 732 2944 Bentleius
756 2884 786 2942 et
808 2877 1090 2959 Umplenbachiu8‚
1112 2885 1169 2945 aut
1189 2899 1259 2962 gra·

139 2981 280 3048 vioribus
303 2981 489 3046 molimentis
507 2987 678 3045 mutarunt.
713 2981 931 3046 Fleckeisenus
947 2980 1041 3044 verbo
1057 2977 1147 3044 video
1163 2980 1262 3046 eiecto

140 3084 305 3149 iambicum
329 3084 549 3165 septenarium,
574 3081 761 3147 Conradtius
778 3101 851 3148 voce
868 3092 961 3166 atque
976 3083 1183 3147 exterminata
1198 3088 1262 3148 tro·

139 3186 278 3253 chalcum
301 3187 494 3252 octonarium
518 3185 628 3252 effecit.
663 3183 723 3251 Sed
747 3184 868 3250 facilius
891 3191 923 3250 et
945 3183 1061 3250 rectius
1080 3183 1136 3249 hos
1152 3201 1261 3250 versus

140 3290 303 3354 emendare
327 3289 403 3352 mihi
426 3288 535 3354 videor
556 3289 600 3354 sio
623 3287 831 3368 distinguens:

176 3422 262 3483 'Uxor
282 3423 331 3482 ubi
351 3440 394 3481 me
415 3424 450 3482 ad
472 3423 559 3482 liliam
581 3424 621 3480 ira
642 3422 739 3492 sensit,
762 3439 791 3481 se
813 3422 893 3480 duxlt
914 3421 996 3482 loras.
1022 3424 1106 3495 atque

175 3518 287 3578 ‘Eccum
299 3517 389 3576 video.
410 3518 477 3591 quid
492 3518 543 3590 ais,
558 3517 728 3593 Myrrhina?
749 3516 819 3575 haris
832 3516 886 3575 tihi
901 3517 971 3576 dico.
984 3517 996 3583 ll
1013 3517 1129 3610 Mihine,
1145 3519 1182 3577 mi
1198 3519 1258 3577 riri

137 3648 255 3711 Prioris
279 3664 387 3711 versus
411 3645 550 3726 syllabae
573 3665 635 3728 qua
658 3645 778 3710 ratione
800 3644 996 3709 enarrandae
1019 3644 1092 3723 sint,
1116 3644 1259 3712 indubio

139 3747 339 3830 relinquitur:
364 3754 419 3811 aut
434 3748 534 3832 sorus
557 3748 640 3813 vocis
663 3748 772 3811 ultima
794 3746 913 3828 syllaba
936 3745 1132 3827 corripienda
1155 3753 1261 3812 estut

137 3849 253 3931 passim
276 3851 357 3929 apud
381 3848 527 3915 Plautum
551 3855 583 3915 et
605 3843 783 3914 Terentium
807 3847 858 3928 (cf.
876 3848 955 3911 Eun.
972 3847 1012 3912 ΙΙ.
1029 3849 1057 3909 2.
1075 3849 1124 3925 51,
1149 3850 1206 3913 Ad.
1220 3850 1259 3914 ll.

140 3955 166 4014 1.
186 3951 253 4032 13),
283 3957 338 4016 aut
365 3964 457 4036 atque
480 3949 650 4034 synapheia
672 3968 741 4016 cum
764 3950 923 4031 sequentis
947 3968 1055 4014 versus
1077 3951 1166 4016 initio
1189 3968 1260 4016 con-

137 4053 327 4134 iungendum
356 4061 404 4140 est
426 4054 477 4135 (cf.
501 4055 559 4118 Ad.
577 4055 615 4118 ll.
633 4053 661 4115 2.
680 4056 714 4131 9,
737 4051 795 4115 Ad.
813 4050 871 4115 lll.
888 4053 916 4115 3.
934 4053 992 4128 21,
1016 4051 1074 4114 Ad.
1091 4053 1145 4117 ΙΙΙ.
1162 4054 1191 4116 4.
1211 4054 1259 4132 19,

137 4157 234 4221 Andr.
250 4155 304 4220 lV.
323 4159 350 4218 1.
367 4157 410 4238 9).
443 4158 511 4223 Hoc
532 4157 676 4240 equidem
698 4157 856 4236 praetera:
880 4155 974 4220 nimis
996 4157 1078 4221 euim
1100 4156 1259 4224 subtiliter
