3074 4886
674 351 711 413 41

127 569 203 617 esse
250 551 313 616 Sed
336 551 362 614 si
385 551 456 631 quis
478 552 714 631 quaternarium
738 552 861 618 duobus
884 552 1025 617 versibus
1049 557 1122 618 ante
1136 552 1255 619 ordinis

126 653 218 719 finem
249 653 421 719 clausulam
450 655 559 720 haberi
583 672 675 734 posse
698 655 839 735 negabit,
865 654 893 719 ei
916 661 1029 734 putare
1051 655 1157 720 licebit
1178 672 1255 735 qna·

126 757 300 822 ternarium
322 755 474 822 octonarii
497 757 598 822 locum
621 757 651 820 in
675 757 734 822 boe
757 755 879 821 cantico
902 755 1086 821 obtinuisse.

213 861 349 925 Eosdem
376 860 500 926 ordines
523 866 615 940 poeta
636 857 668 924 in
691 856 904 923 Andriae1.2
928 876 1041 922 scaena
1063 858 1188 924 videtur
1210 860 1255 923 in·

126 961 284 1028 stitnisse:
315 961 469 1044 incipiunt
489 960 582 1025 huius
605 978 736 1025 scaenae
760 960 871 1025 variati
893 977 1003 1024 versus
1025 959 1099 1026 inde
1121 981 1140 1025 a
1164 979 1255 1028 versu

128 1071 241 1144 quarto
264 1101 304 1114 -
327 1069 392 1129 tres
415 1065 498 1148 enim
521 1062 637 1128 senarii
660 1062 712 1142 qui
736 1063 926 1126 antecedunt
947 1060 980 1124 in
1004 1063 1139 1128 transitu
1161 1063 1255 1145 positi

127 1172 202 1232 sunt
229 1203 270 1214 —
301 1171 396 1247 atque
418 1164 571 1230 finiuntur
593 1183 686 1230 versu
709 1164 889 1242 undecimo,
919 1169 1106 1245 postquem
1129 1163 1255 1232 interlo-

127 1274 250 1334 cutores
272 1268 353 1334 alter
374 1267 508 1332 alterum
532 1265 703 1349 conspicati
726 1267 821 1332 verba
842 1265 926 1331 inter
949 1285 983 1332 se
1006 1273 1214 1333 commutant:

493 1365 498 1391 i

204 1441 339 1512 Mirtben
360 1441 413 1501 hoc
433 1440 458 1499 si
479 1442 521 1500 ste
541 1441 647 1501 abiret:
669 1438 698 1499 ot
716 1440 757 1499 eri
777 1457 888 1515 semper
907 1440 1010 1500 lenitas

146 1541 162 1593 5
452 1533 577 1594 Verebar
599 1552 730 1608 quorsum
752 1535 892 1607 erederet,

203 1626 256 1698 Qui
276 1627 425 1703 postquam
446 1629 575 1686 andierat
594 1628 649 1688 ndn
672 1631 767 1688 datum
788 1629 823 1687 iri
844 1627 905 1687 filio
924 1627 1037 1688 uxorem
1059 1647 1119 1702 suo,

280 1720 440 1795 nimquam
467 1722 597 1796 cuiqnam
623 1723 750 1783 nostrum
771 1723 885 1782 verbnm
911 1721 979 1782 iecit
1004 1738 1094 1795 neque
1119 1723 1147 1782 id
1169 1723 1253 1798 aegro

1076 1817 1150 1876 tuiit.

280 1907 293 1978 ii
312 1906 363 1968 ‘nt
381 1926 456 1968 nune
477 1908 562 1968 faciet
583 1909 689 1983 neque,
716 1911 748 1970 nt
767 1910 874 1985 opinor,
896 1911 956 1969 sine
977 1912 1025 1970 tuo
1046 1910 1149 1986 magno
1170 1911 1252 1972 malo.

203 2001 218 2070 ΙΙ
235 2003 268 2062 Id
290 2001 379 2062 noluit
398 2020 449 2061 nos
469 2002 511 2061 sie
533 2002 585 2062 nde
605 2004 748 2077 opinantis
769 2003 834 2063 dici
855 2004 928 2063 ialso
948 2003 1060 2078 geddio,

130 2103 166 2159 10
207 2095 353 2171 Sperdntis
373 2096 428 2154 inm
449 2097 543 2157 amoto
564 2101 647 2170 metu,
669 2098 776 2157 interea
797 2097 942 2158 oscitantis
962 2098 1093 2172 opprimi,

282 2191 326 2251 Ne
346 2190 421 2250 esset
440 2192 562 2265 spatium
584 2191 727 2266 cogitandi
749 2192 783 2251 ad
805 2192 1004 2251 disturbandas
1024 2192 1148 2268 niiptias.

125 2351 161 2417 In
184 2371 296 2417 versus
314 2355 349 2416 11
375 2353 528 2436 principio
544 2354 713 2430 Bentleius‚
736 2374 774 2420 ne
790 2354 980 2419 Trocbaieus
999 2355 1080 2418 inter
1095 2354 1251 2423 lambiens

125 2454 247 2519 obviam
270 2453 368 2534 fieret,
391 2463 428 2517 ut
449 2455 694 2521 coniunctionem
718 2455 848 2533 addidit,
872 2473 964 2534 quani
988 2452 1094 2518 o'mnes
1114 2455 1251 2522 editores

125 2563 341 2638 praeterens,
370 2556 422 2637 qui
448 2555 534 2621 hiatu
557 2563 711 2636 molestet
732 2559 938 2636 oblectantur,
962 2576 981 2621 a
1003 2557 1144 2623 Bentleio
1167 2577 1251 2624 recc-

94 2662 248 2740 .pernnt.
286 2656 347 2722 Sed
370 2676 440 2723 cnm
464 2659 662 2723 doctissimus
686 2662 732 2724 vir
760 2679 794 2724 er
824 2660 890 2723 sola
919 2658 1154 2740 compositionis
1182 2659 1250 2741 lege

124 2758 202 2823 inisa
226 2757 385 2839 proiectus
409 2768 444 2822 ot
466 2759 618 2825 adiecisse
641 2761 801 2840 videatur,
830 2760 897 2827 eins
920 2760 1167 2828 emendationem
1190 2781 1251 2828 non

124 2861 335 2943 probabimus.
381 2860 480 2928 Immo
507 2861 662 2928 finiuntur
686 2865 847 2947 aptissime
869 2867 981 2930 variati
1004 2865 1098 2930 huius
1120 2883 1252 2930 scaenae

123 2982 231 3028 versus
260 2963 418 3029 trochaico
440 2966 627 3047 septenario,
650 2984 711 3046 quo
735 2968 880 3032 restituto
903 2968 936 3032 hi
959 2969 1083 3034 ordines
1105 2968 1251 3034 iambico-

124 3065 275 3131 trochaici
297 3047 543 3147 cognoscuntur:

282 3223 380 3288 lamb.
404 3228 464 3289 oct.
487 3243 513 3289 c.
536 3223 629 3288 ismb.
653 3229 739 3306 quat.
835 3222 933 3291 Iamb.
957 3231 1017 3291 oct.

342 3325 454 3391 tinch.
477 3330 556 3407 sept.
878 3327 988 3393 Troeh.
1013 3334 1091 3410 sept.

210 3468 243 3536 Si
273 3471 343 3551 qnis
373 3471 404 3534 in
431 3471 491 3536 hoe
513 3488 636 3553 qnoque
659 3471 779 3537 cantico
803 3472 935 3537 iambico
958 3473 1160 3554 quaternario
1182 3494 1252 3556 par

123 3579 187 3638 tem
210 3574 328 3638 ordinis
351 3573 453 3641 claudi
476 3577 696 3657 expectaverit,
720 3574 810 3640 facile
831 3574 968 3656 priorem
992 3575 1131 3642 ordinem
1148 3576 1178 3640 in
1195 3575 1251 3640 has

122 3679 229 3758 partes
254 3675 443 3744 distribuere
464 3682 583 3760 potest:

559 3812 657 3878 Inmb.
682 3818 742 3877 oet.

622 3913 719 3980 lamb.
744 3921 829 3997 quat.

559 4035 658 4101 lamb.
681 4037 741 4099 oct.

622 4137 732 4202 Troeb.
756 4144 834 4220 sept.

623 4239 732 4306 Troeb.
755 4247 833 4323 sept.
