<?xml version="1.0" encoding="UTF-8"?>
<!DOCTYPE html PUBLIC "-//W3C//DTD XHTML 1.0 Transitional//EN"
    "http://www.w3.org/TR/xhtml1/DTD/xhtml1-transitional.dtd">
<html xmlns="http://www.w3.org/1999/xhtml" xml:lang="en" lang="en">
 <head>
  <title>
</title>
<meta http-equiv="Content-Type" content="text/html;charset=utf-8" />
  <meta name='ocr-system' content='tesseract 3.04.00' />
  <meta name='ocr-capabilities' content='ocr_page ocr_carea ocr_par ocr_line ocrx_word'/>
</head>
<body>
  <div class='ocr_page' id='page_1' title='image "./deversuumincant00schlgoog_0028.png"; bbox 0 0 3074 4886; ppageno 0'>
   <div class='ocr_carea' id='block_1_1' title="bbox 686 352 802 445">
    <p class='ocr_par' dir='ltr' id='par_1_1' title="bbox 686 352 802 445">
     <span class='ocr_line' id='line_1_1' title="bbox 686 352 802 445; baseline 0.017 -33"><span class='ocrx_word' id='word_1_1' title='bbox 686 352 725 414; x_wconf 88' lang='lat'>19</span> <span class='ocrx_word' id='word_1_2' title='bbox 764 439 802 445; x_wconf 60' lang='lat'>--</span> 
     </span>
    </p>
   </div>
   <div class='ocr_carea' id='block_1_2' title="bbox 134 557 1260 843">
    <p class='ocr_par' dir='ltr' id='par_1_2' title="bbox 134 557 1260 843">
     <span class='ocr_line' id='line_1_2' title="bbox 134 557 1259 642; baseline -0.002 -17"><span class='ocrx_word' id='word_1_3' title='bbox 134 563 209 626; x_wconf 88' lang='lat' dir='ltr'>sunt</span> <span class='ocrx_word' id='word_1_4' title='bbox 230 558 283 642; x_wconf 84' lang='lat' dir='ltr'>(cf.</span> <span class='ocrx_word' id='word_1_5' title='bbox 299 557 338 623; x_wconf 88' lang='grc' dir='ltr'>ΙΙ.</span> <span class='ocrx_word' id='word_1_6' title='bbox 354 579 403 642; x_wconf 83' lang='lat' dir='ltr'>pg.</span> <span class='ocrx_word' id='word_1_7' title='bbox 416 560 460 641; x_wconf 81' lang='lat'>7),</span> <span class='ocrx_word' id='word_1_8' title='bbox 484 565 587 623; x_wconf 89' lang='lat' dir='ltr'>tamen</span> <span class='ocrx_word' id='word_1_9' title='bbox 611 557 817 624; x_wconf 90' lang='lat' dir='ltr'>dubitandum</span> <span class='ocrx_word' id='word_1_10' title='bbox 830 558 954 624; x_wconf 88' lang='lat' dir='ltr'>videtur</span> <span class='ocrx_word' id='word_1_11' title='bbox 977 576 1054 638; x_wconf 86' lang='lat' dir='ltr'>esse,</span> <span class='ocrx_word' id='word_1_12' title='bbox 1077 575 1152 624; x_wconf 90' lang='lat' dir='ltr'>num</span> <span class='ocrx_word' id='word_1_13' title='bbox 1171 564 1259 624; x_wconf 91' lang='lat' dir='ltr'>recte</span> 
     </span>
     <span class='ocr_line' id='line_1_3' title="bbox 135 659 1259 742; baseline -0.001 -16"><span class='ocrx_word' id='word_1_14' title='bbox 135 662 355 728; x_wconf 87' lang='lat' dir='ltr'>Fleckeisenns</span> <span class='ocrx_word' id='word_1_15' title='bbox 378 661 430 723; x_wconf 82' lang='lat' dir='ltr'>coi</span> <span class='ocrx_word' id='word_1_16' title='bbox 452 661 482 725; x_wconf 93' lang='lat' dir='ltr'>in</span> <span class='ocrx_word' id='word_1_17' title='bbox 505 659 561 722; x_wconf 82' lang='lat' dir='ltr'>boi</span> <span class='ocrx_word' id='word_1_18' title='bbox 582 661 767 725; x_wconf 87' lang='lat' dir='ltr'>mutaverit:</span> <span class='ocrx_word' id='word_1_19' title='bbox 797 661 958 742; x_wconf 83' lang='lat' dir='ltr'>aptissime</span> <span class='ocrx_word' id='word_1_20' title='bbox 986 659 1059 726; x_wconf 88' lang='lat' dir='ltr'>illae</span> <span class='ocrx_word' id='word_1_21' title='bbox 1088 660 1169 726; x_wconf 84' lang='lat' dir='ltr'>duae</span> <span class='ocrx_word' id='word_1_22' title='bbox 1191 678 1259 726; x_wconf 93' lang='lat' dir='ltr'>sen·</span> 
     </span>
     <span class='ocr_line' id='line_1_4' title="bbox 134 762 1260 843; baseline -0.002 -15"><span class='ocrx_word' id='word_1_23' title='bbox 134 765 251 828; x_wconf 81' lang='lat' dir='ltr'>tentiae</span> <span class='ocrx_word' id='word_1_24' title='bbox 274 765 454 843; x_wconf 89' lang='lat' dir='ltr'>pronomine</span> <span class='ocrx_word' id='word_1_25' title='bbox 477 763 607 826; x_wconf 86' lang='lat' dir='ltr'>relativo</span> <span class='ocrx_word' id='word_1_26' title='bbox 630 763 870 843; x_wconf 87' lang='lat' dir='ltr'>coniunguntur.</span> <span class='ocrx_word' id='word_1_27' title='bbox 904 762 1008 840; x_wconf 84' lang='lat' dir='ltr'>Quare</span> <span class='ocrx_word' id='word_1_28' title='bbox 1023 780 1193 843; x_wconf 86' lang='lat' dir='ltr'>pronomen</span> <span class='ocrx_word' id='word_1_29' title='bbox 1209 762 1260 826; x_wconf 83' lang='lat' dir='ltr'>coi</span> 
     </span>
    </p>
   </div>
   <div class='ocr_carea' id='block_1_3' title="bbox 23 862 1260 944">
    <p class='ocr_par' dir='ltr' id='par_1_3' title="bbox 23 862 1260 944">
     <span class='ocr_line' id='line_1_5' title="bbox 23 862 1260 944; baseline -0.001 -15"><span class='ocrx_word' id='word_1_30' title='bbox 23 883 27 890; x_wconf 85' lang='grc'><strong>’</strong></span> <span class='ocrx_word' id='word_1_31' title='bbox 134 865 286 931; x_wconf 86' lang='lat' dir='ltr'>intactum</span> <span class='ocrx_word' id='word_1_32' title='bbox 315 864 346 928; x_wconf 93' lang='lat' dir='ltr'>in</span> <span class='ocrx_word' id='word_1_33' title='bbox 377 864 462 928; x_wconf 88' lang='lat' dir='ltr'>exitu</span> <span class='ocrx_word' id='word_1_34' title='bbox 490 863 573 926; x_wconf 89' lang='lat' dir='ltr'>tertii</span> <span class='ocrx_word' id='word_1_35' title='bbox 597 881 706 927; x_wconf 86' lang='lat' dir='ltr'>versus</span> <span class='ocrx_word' id='word_1_36' title='bbox 733 862 946 944; x_wconf 89' lang='lat' dir='ltr'>reponendum</span> <span class='ocrx_word' id='word_1_37' title='bbox 975 867 1069 942; x_wconf 81' lang='lat' dir='ltr'>atque</span> <span class='ocrx_word' id='word_1_38' title='bbox 1098 862 1156 927; x_wconf 92' lang='lat' dir='ltr'>hos</span> <span class='ocrx_word' id='word_1_39' title='bbox 1179 863 1260 928; x_wconf 90' lang='lat' dir='ltr'>duos</span> 
     </span>
    </p>
   </div>
   <div class='ocr_carea' id='block_1_4' title="bbox 134 965 948 1033">
    <p class='ocr_par' dir='ltr' id='par_1_4' title="bbox 134 965 948 1033">
     <span class='ocr_line' id='line_1_6' title="bbox 134 965 948 1033; baseline -0.006 0"><span class='ocrx_word' id='word_1_40' title='bbox 134 967 311 1033; x_wconf 84' lang='lat' dir='ltr'>octonarios</span> <span class='ocrx_word' id='word_1_41' title='bbox 334 966 506 1031; x_wconf 85' lang='lat' dir='ltr'>trochaicos</span> <span class='ocrx_word' id='word_1_42' title='bbox 529 965 709 1030; x_wconf 89' lang='lat' dir='ltr'>scribendos</span> <span class='ocrx_word' id='word_1_43' title='bbox 732 983 800 1029; x_wconf 91' lang='lat' dir='ltr'>esse</span> <span class='ocrx_word' id='word_1_44' title='bbox 823 982 948 1031; x_wconf 89' lang='lat' dir='ltr'>censeo:</span> 
     </span>
    </p>
   </div>
   <div class='ocr_carea' id='block_1_5' title="bbox 173 1102 1219 1273">
    <p class='ocr_par' dir='ltr' id='par_1_5' title="bbox 173 1102 1219 1273">
     <span class='ocr_line' id='line_1_7' title="bbox 173 1102 1219 1179; baseline -0.004 -15"><span class='ocrx_word' id='word_1_45' title='bbox 173 1105 281 1164; x_wconf 78' lang='lat' dir='ltr'>Hacine</span> <span class='ocrx_word' id='word_1_46' title='bbox 302 1121 386 1164; x_wconf 86' lang='lat' dir='ltr'>causa</span> <span class='ocrx_word' id='word_1_47' title='bbox 406 1119 459 1179; x_wconf 81' lang='lat' dir='ltr'>ego</span> <span class='ocrx_word' id='word_1_48' title='bbox 479 1103 555 1164; x_wconf 79' lang='lat' dir='ltr'>eram</span> <span class='ocrx_word' id='word_1_49' title='bbox 575 1105 721 1178; x_wconf 84' lang='lat' dir='ltr'>tantopore</span> <span class='ocrx_word' id='word_1_50' title='bbox 742 1102 860 1179; x_wconf 85' lang='lat' dir='ltr'>cripidus</span> <span class='ocrx_word' id='word_1_51' title='bbox 883 1102 1015 1162; x_wconf 87' lang='lat' dir='ltr'>redeundi</span> <span class='ocrx_word' id='word_1_52' title='bbox 1031 1102 1150 1172; x_wconf 89' lang='lat' dir='ltr'>domum,</span> <span class='ocrx_word' id='word_1_53' title='bbox 1173 1103 1219 1162; x_wconf 91' lang='lat' dir='ltr'>oui</span> 
     </span>
     <span class='ocr_line' id='line_1_8' title="bbox 174 1195 1133 1273; baseline -0.005 -15"><span class='ocrx_word' id='word_1_54' title='bbox 174 1197 286 1270; x_wconf 72' lang='lat' dir='ltr'>Quanto</span> <span class='ocrx_word' id='word_1_55' title='bbox 307 1197 398 1256; x_wconf 82' lang='lat' dir='ltr'>fuerat</span> <span class='ocrx_word' id='word_1_56' title='bbox 420 1196 619 1271; x_wconf 69' lang='lat' dir='ltr'>praestabilius</span> <span class='ocrx_word' id='word_1_57' title='bbox 639 1197 733 1256; x_wconf 84' lang='lat' dir='ltr'>dbivis</span> <span class='ocrx_word' id='word_1_58' title='bbox 753 1198 878 1273; x_wconf 83' lang='lat' dir='ltr'>gentium</span> <span class='ocrx_word' id='word_1_59' title='bbox 900 1195 983 1271; x_wconf 73' lang='lat' dir='ltr'>agore</span> <span class='ocrx_word' id='word_1_60' title='bbox 1004 1199 1133 1256; x_wconf 83' lang='lat' dir='ltr'>aetatem.</span> 
     </span>
    </p>
   </div>
   <div class='ocr_carea' id='block_1_6' title="bbox 134 1298 1260 2120">
    <p class='ocr_par' dir='ltr' id='par_1_6' title="bbox 134 1298 1260 2120">
     <span class='ocr_line' id='line_1_9' title="bbox 135 1298 1260 1409; baseline -0.002 -19"><span class='ocrx_word' id='word_1_61' title='bbox 135 1326 183 1393; x_wconf 90' lang='lat' dir='ltr'>De</span> <span class='ocrx_word' id='word_1_62' title='bbox 205 1328 318 1392; x_wconf 88' lang='lat' dir='ltr'>ceteris</span> <span class='ocrx_word' id='word_1_63' title='bbox 341 1332 449 1392; x_wconf 88' lang='lat' dir='ltr'>autem</span> <span class='ocrx_word' id='word_1_64' title='bbox 472 1298 613 1393; x_wconf 79' lang='lat' dir='ltr'>versibus</span> <span class='ocrx_word' id='word_1_65' title='bbox 636 1328 781 1409; x_wconf 88' lang='lat' dir='ltr'>quoniam</span> <span class='ocrx_word' id='word_1_66' title='bbox 805 1327 890 1392; x_wconf 83' lang='lat' dir='ltr'>nulla</span> <span class='ocrx_word' id='word_1_67' title='bbox 912 1332 1031 1392; x_wconf 88' lang='lat' dir='ltr'>restare</span> <span class='ocrx_word' id='word_1_68' title='bbox 1050 1325 1203 1392; x_wconf 89' lang='lat' dir='ltr'>dubitatio</span> <span class='ocrx_word' id='word_1_69' title='bbox 1215 1323 1260 1389; x_wconf 84' lang='lat' dir='ltr'>ui·</span> 
     </span>
     <span class='ocr_line' id='line_1_10' title="bbox 135 1426 1258 1503; baseline -0.004 -11"><span class='ocrx_word' id='word_1_70' title='bbox 135 1431 237 1503; x_wconf 87' lang='lat' dir='ltr'>detur,</span> <span class='ocrx_word' id='word_1_71' title='bbox 250 1429 312 1493; x_wconf 92' lang='lat' dir='ltr'>iam</span> <span class='ocrx_word' id='word_1_72' title='bbox 324 1429 626 1495; x_wconf 89' lang='lat' dir='ltr'>adconstituendum</span> <span class='ocrx_word' id='word_1_73' title='bbox 636 1429 747 1493; x_wconf 92' lang='lat' dir='ltr'>horum</span> <span class='ocrx_word' id='word_1_74' title='bbox 754 1446 900 1492; x_wconf 87' lang='lat' dir='ltr'>versuum</span> <span class='ocrx_word' id='word_1_75' title='bbox 913 1427 1052 1492; x_wconf 88' lang='lat' dir='ltr'>ordinem</span> <span class='ocrx_word' id='word_1_76' title='bbox 1064 1426 1258 1493; x_wconf 79' lang='lat' dir='ltr'>accedamus,</span> 
     </span>
     <span class='ocr_line' id='line_1_11' title="bbox 135 1525 1260 1612; baseline -0.005 -17"><span class='ocrx_word' id='word_1_77' title='bbox 135 1530 179 1595; x_wconf 92' lang='lat' dir='ltr'>Ut</span> <span class='ocrx_word' id='word_1_78' title='bbox 201 1549 297 1611; x_wconf 89' lang='lat' dir='ltr'>supra</span> <span class='ocrx_word' id='word_1_79' title='bbox 319 1530 454 1610; x_wconf 89' lang='lat' dir='ltr'>primum</span> <span class='ocrx_word' id='word_1_80' title='bbox 477 1529 579 1596; x_wconf 92' lang='lat' dir='ltr'>locum</span> <span class='ocrx_word' id='word_1_81' title='bbox 601 1537 695 1612; x_wconf 90' lang='lat' dir='ltr'>poeta</span> <span class='ocrx_word' id='word_1_82' title='bbox 717 1530 873 1596; x_wconf 90' lang='lat' dir='ltr'>trochaico</span> <span class='ocrx_word' id='word_1_83' title='bbox 896 1529 1054 1595; x_wconf 85' lang='lat' dir='ltr'>octonario</span> <span class='ocrx_word' id='word_1_84' title='bbox 1078 1525 1260 1608; x_wconf 82' lang='lat' dir='ltr'>assignavit,</span> 
     </span>
     <span class='ocr_line' id='line_1_12' title="bbox 134 1627 1259 1713; baseline -0.004 -18"><span class='ocrx_word' id='word_1_85' title='bbox 134 1649 227 1711; x_wconf 89' lang='lat' dir='ltr'>quem</span> <span class='ocrx_word' id='word_1_86' title='bbox 250 1629 426 1696; x_wconf 89' lang='lat' dir='ltr'>trochaicus</span> <span class='ocrx_word' id='word_1_87' title='bbox 450 1633 647 1713; x_wconf 90' lang='lat' dir='ltr'>septenarius</span> <span class='ocrx_word' id='word_1_88' title='bbox 671 1631 798 1712; x_wconf 85' lang='lat' dir='ltr'>excipit:</span> <span class='ocrx_word' id='word_1_89' title='bbox 822 1631 937 1695; x_wconf 88' lang='lat' dir='ltr'>abhoc</span> <span class='ocrx_word' id='word_1_90' title='bbox 956 1638 1061 1694; x_wconf 87' lang='lat' dir='ltr'>autem</span> <span class='ocrx_word' id='word_1_91' title='bbox 1081 1627 1259 1710; x_wconf 88' lang='lat' dir='ltr'>septenario</span> 
     </span>
     <span class='ocr_line' id='line_1_13' title="bbox 134 1731 1260 1813; baseline 0 -17"><span class='ocrx_word' id='word_1_92' title='bbox 134 1732 290 1797; x_wconf 87' lang='lat' dir='ltr'>trochaico</span> <span class='ocrx_word' id='word_1_93' title='bbox 325 1740 417 1813; x_wconf 90' lang='lat' dir='ltr'>poeta</span> <span class='ocrx_word' id='word_1_94' title='bbox 448 1733 487 1797; x_wconf 92' lang='lat' dir='ltr'>ad</span> <span class='ocrx_word' id='word_1_95' title='bbox 519 1733 596 1798; x_wconf 92' lang='lat' dir='ltr'>duos</span> <span class='ocrx_word' id='word_1_96' title='bbox 630 1732 806 1798; x_wconf 89' lang='lat' dir='ltr'>octonarios</span> <span class='ocrx_word' id='word_1_97' title='bbox 840 1732 1012 1797; x_wconf 88' lang='lat' dir='ltr'>trochaicos</span> <span class='ocrx_word' id='word_1_98' title='bbox 1041 1731 1150 1809; x_wconf 87' lang='lat' dir='ltr'>rediit,</span> <span class='ocrx_word' id='word_1_99' title='bbox 1181 1747 1260 1812; x_wconf 88' lang='lat' dir='ltr'>quos</span> 
     </span>
     <span class='ocr_line' id='line_1_14' title="bbox 135 1834 1258 1916; baseline -0.002 -18"><span class='ocrx_word' id='word_1_100' title='bbox 135 1838 284 1915; x_wconf 88' lang='lat' dir='ltr'>quattuor</span> <span class='ocrx_word' id='word_1_101' title='bbox 311 1834 461 1899; x_wconf 86' lang='lat' dir='ltr'>trochaici</span> <span class='ocrx_word' id='word_1_102' title='bbox 488 1836 656 1916; x_wconf 86' lang='lat' dir='ltr'>septenarii</span> <span class='ocrx_word' id='word_1_103' title='bbox 684 1842 872 1916; x_wconf 90' lang='lat' dir='ltr'>sequuntur:</span> <span class='ocrx_word' id='word_1_104' title='bbox 903 1834 1014 1900; x_wconf 87' lang='lat' dir='ltr'>deinde</span> <span class='ocrx_word' id='word_1_105' title='bbox 1037 1834 1151 1898; x_wconf 90' lang='lat' dir='ltr'>iterum</span> <span class='ocrx_word' id='word_1_106' title='bbox 1173 1850 1258 1913; x_wconf 87' lang='lat' dir='ltr'>repe·</span> 
     </span>
     <span class='ocr_line' id='line_1_15' title="bbox 134 1934 1259 2018; baseline -0.002 -20"><span class='ocrx_word' id='word_1_107' title='bbox 134 1935 204 1999; x_wconf 87' lang='lat' dir='ltr'>tivit</span> <span class='ocrx_word' id='word_1_108' title='bbox 220 1935 401 2000; x_wconf 85' lang='lat' dir='ltr'>trochaicus</span> <span class='ocrx_word' id='word_1_109' title='bbox 416 1935 602 2012; x_wconf 87' lang='lat' dir='ltr'>octonarios,</span> <span class='ocrx_word' id='word_1_110' title='bbox 625 1954 755 2001; x_wconf 88' lang='lat' dir='ltr'>numero</span> <span class='ocrx_word' id='word_1_111' title='bbox 771 1942 845 2010; x_wconf 77' lang='lat' dir='ltr'>tres,</span> <span class='ocrx_word' id='word_1_112' title='bbox 861 1937 974 2018; x_wconf 92' lang='lat' dir='ltr'>quibus</span> <span class='ocrx_word' id='word_1_113' title='bbox 988 1953 1068 1999; x_wconf 92' lang='lat' dir='ltr'>unus</span> <span class='ocrx_word' id='word_1_114' title='bbox 1084 1934 1259 2000; x_wconf 88' lang='lat' dir='ltr'>trochaicus</span> 
     </span>
     <span class='ocr_line' id='line_1_16' title="bbox 135 2035 1260 2120; baseline -0.002 -20"><span class='ocrx_word' id='word_1_115' title='bbox 135 2037 331 2117; x_wconf 86' lang='lat' dir='ltr'>septenarius</span> <span class='ocrx_word' id='word_1_116' title='bbox 360 2037 515 2102; x_wconf 86' lang='lat' dir='ltr'>succedit:</span> <span class='ocrx_word' id='word_1_117' title='bbox 545 2045 612 2102; x_wconf 90' lang='lat' dir='ltr'>tum</span> <span class='ocrx_word' id='word_1_118' title='bbox 636 2039 769 2120; x_wconf 87' lang='lat' dir='ltr'>denique</span> <span class='ocrx_word' id='word_1_119' title='bbox 792 2037 933 2103; x_wconf 90' lang='lat' dir='ltr'>iambicis</span> <span class='ocrx_word' id='word_1_120' title='bbox 961 2036 1127 2102; x_wconf 90' lang='lat' dir='ltr'>octonariis</span> <span class='ocrx_word' id='word_1_121' title='bbox 1151 2035 1260 2116; x_wconf 81' lang='lat' dir='ltr'>viginti</span> 
     </span>
    </p>
   </div>
   <div class='ocr_carea' id='block_1_7' title="bbox 134 2128 1363 2222">
    <p class='ocr_par' dir='ltr' id='par_1_7' title="bbox 134 2128 1363 2222">
     <span class='ocr_line' id='line_1_17' title="bbox 134 2128 1363 2222; baseline -0.001 -19"><span class='ocrx_word' id='word_1_122' title='bbox 134 2155 197 2203; x_wconf 91' lang='lat' dir='ltr'>uuo</span> <span class='ocrx_word' id='word_1_123' title='bbox 227 2139 365 2204; x_wconf 92' lang='lat' dir='ltr'>ordinem</span> <span class='ocrx_word' id='word_1_124' title='bbox 395 2137 504 2204; x_wconf 90' lang='lat' dir='ltr'>finivit.</span> <span class='ocrx_word' id='word_1_125' title='bbox 549 2139 708 2206; x_wconf 90' lang='lat' dir='ltr'>Habemus</span> <span class='ocrx_word' id='word_1_126' title='bbox 737 2128 832 2222; x_wconf 87' lang='lat' dir='ltr'>igitur</span> <span class='ocrx_word' id='word_1_127' title='bbox 862 2140 945 2207; x_wconf 92' lang='lat' dir='ltr'>hunc</span> <span class='ocrx_word' id='word_1_128' title='bbox 974 2158 1088 2205; x_wconf 92' lang='lat' dir='ltr'>novum</span> <span class='ocrx_word' id='word_1_129' title='bbox 1112 2156 1259 2204; x_wconf 87' lang='lat' dir='ltr'>versuum</span> <span class='ocrx_word' id='word_1_130' title='bbox 1361 2155 1363 2158; x_wconf 85' lang='lat'>·</span> 
     </span>
    </p>
   </div>
   <div class='ocr_carea' id='block_1_8' title="bbox 134 2239 929 3142">
    <p class='ocr_par' dir='ltr' id='par_1_8' title="bbox 134 2239 929 3142">
     <span class='ocr_line' id='line_1_18' title="bbox 135 2239 291 2305; baseline -0.006 -1"><span class='ocrx_word' id='word_1_131' title='bbox 135 2239 291 2305; x_wconf 89' lang='lat' dir='ltr'>ordinem:</span> 
     </span>
     <span class='ocr_line' id='line_1_19' title="bbox 544 2346 737 2412; baseline -0.005 -2"><span class='ocrx_word' id='word_1_132' title='bbox 544 2346 653 2411; x_wconf 88' lang='lat' dir='ltr'>Troch.</span> <span class='ocrx_word' id='word_1_133' title='bbox 677 2351 737 2412; x_wconf 90' lang='lat' dir='ltr'>oct.</span> 
     </span>
     <span class='ocr_line' id='line_1_20' title="bbox 645 2447 858 2530; baseline 0 -19"><span class='ocrx_word' id='word_1_134' title='bbox 645 2447 755 2515; x_wconf 87' lang='lat' dir='ltr'>Troch.</span> <span class='ocrx_word' id='word_1_135' title='bbox 779 2454 858 2530; x_wconf 89' lang='lat' dir='ltr'>sept.</span> 
     </span>
     <span class='ocr_line' id='line_1_21' title="bbox 542 2550 736 2617; baseline -0.005 -3"><span class='ocrx_word' id='word_1_136' title='bbox 542 2550 653 2616; x_wconf 89' lang='lat' dir='ltr'>Troch.</span> <span class='ocrx_word' id='word_1_137' title='bbox 676 2555 736 2617; x_wconf 92' lang='lat' dir='ltr'>oct.</span> 
     </span>
     <span class='ocr_line' id='line_1_22' title="bbox 645 2653 857 2733; baseline -0.005 -17"><span class='ocrx_word' id='word_1_138' title='bbox 645 2653 755 2719; x_wconf 86' lang='lat' dir='ltr'>Troch.</span> <span class='ocrx_word' id='word_1_139' title='bbox 779 2655 857 2733; x_wconf 90' lang='lat' dir='ltr'>sept.</span> 
     </span>
     <span class='ocr_line' id='line_1_23' title="bbox 542 2755 736 2821; baseline -0.01 -3"><span class='ocrx_word' id='word_1_140' title='bbox 542 2755 652 2821; x_wconf 81' lang='lat' dir='ltr'>Troch.</span> <span class='ocrx_word' id='word_1_141' title='bbox 677 2759 736 2820; x_wconf 89' lang='lat' dir='ltr'>oct.</span> 
     </span>
     <span class='ocr_line' id='line_1_24' title="bbox 645 2855 860 2937; baseline -0.005 -18"><span class='ocrx_word' id='word_1_142' title='bbox 645 2855 756 2922; x_wconf 84' lang='lat' dir='ltr'>Troch.</span> <span class='ocrx_word' id='word_1_143' title='bbox 779 2860 860 2937; x_wconf 86' lang='lat' dir='ltr'>sept.</span> 
     </span>
     <span class='ocr_line' id='line_1_25' title="bbox 747 2956 929 3025; baseline 0 -4"><span class='ocrx_word' id='word_1_144' title='bbox 747 2956 846 3024; x_wconf 87' lang='lat' dir='ltr'>lamb.</span> <span class='ocrx_word' id='word_1_145' title='bbox 870 2961 929 3025; x_wconf 87' lang='lat' dir='ltr'>oct.</span> 
     </span>
     <span class='ocr_line' id='line_1_26' title="bbox 134 3058 717 3142; baseline -0.005 -16"><span class='ocrx_word' id='word_1_146' title='bbox 134 3080 226 3142; x_wconf 91' lang='lat' dir='ltr'>quem</span> <span class='ocrx_word' id='word_1_147' title='bbox 250 3081 287 3126; x_wconf 85' lang='lat' dir='ltr'>ex</span> <span class='ocrx_word' id='word_1_148' title='bbox 309 3058 415 3142; x_wconf 90' lang='lat' dir='ltr'>priore</span> <span class='ocrx_word' id='word_1_149' title='bbox 438 3060 547 3126; x_wconf 89' lang='lat' dir='ltr'>ordine</span> <span class='ocrx_word' id='word_1_150' title='bbox 570 3059 717 3142; x_wconf 91' lang='lat' dir='ltr'>simplici:</span> 
     </span>
    </p>
   </div>
   <div class='ocr_carea' id='block_1_9' title="bbox 515 3181 877 3451">
    <p class='ocr_par' dir='ltr' id='par_1_9' title="bbox 515 3181 877 3451">
     <span class='ocr_line' id='line_1_27' title="bbox 515 3181 709 3247; baseline -0.01 -1"><span class='ocrx_word' id='word_1_151' title='bbox 515 3181 625 3247; x_wconf 86' lang='lat' dir='ltr'>Troch.</span> <span class='ocrx_word' id='word_1_152' title='bbox 649 3186 709 3247; x_wconf 88' lang='lat' dir='ltr'>oct.</span> 
     </span>
     <span class='ocr_line' id='line_1_28' title="bbox 606 3284 823 3363; baseline -0.009 -14"><span class='ocrx_word' id='word_1_153' title='bbox 606 3284 718 3349; x_wconf 89' lang='lat' dir='ltr'>Troch.</span> <span class='ocrx_word' id='word_1_154' title='bbox 743 3289 823 3363; x_wconf 90' lang='lat' dir='ltr'>sept.</span> 
     </span>
     <span class='ocr_line' id='line_1_29' title="bbox 695 3385 877 3451; baseline -0.016 -1"><span class='ocrx_word' id='word_1_155' title='bbox 695 3385 793 3451; x_wconf 88' lang='lat' dir='ltr'>Iamb.</span> <span class='ocrx_word' id='word_1_156' title='bbox 817 3389 877 3451; x_wconf 90' lang='lat' dir='ltr'>oct.</span> 
     </span>
    </p>
   </div>
   <div class='ocr_carea' id='block_1_10' title="bbox 133 3502 1257 3689">
    <p class='ocr_par' dir='ltr' id='par_1_10' title="bbox 133 3502 1257 3689">
     <span class='ocr_line' id='line_1_30' title="bbox 133 3502 1257 3586; baseline -0.004 -18"><span class='ocrx_word' id='word_1_157' title='bbox 133 3505 292 3570; x_wconf 87' lang='lat' dir='ltr'>trochaica</span> <span class='ocrx_word' id='word_1_158' title='bbox 323 3509 413 3584; x_wconf 88' lang='lat' dir='ltr'>parte</span> <span class='ocrx_word' id='word_1_159' title='bbox 441 3503 612 3570; x_wconf 88' lang='lat' dir='ltr'>identidem</span> <span class='ocrx_word' id='word_1_160' title='bbox 643 3505 778 3586; x_wconf 90' lang='lat' dir='ltr'>repetita</span> <span class='ocrx_word' id='word_1_161' title='bbox 812 3502 1033 3585; x_wconf 89' lang='lat' dir='ltr'>amplificatum</span> <span class='ocrx_word' id='word_1_162' title='bbox 1066 3521 1135 3567; x_wconf 87' lang='lat' dir='ltr'>esse</span> <span class='ocrx_word' id='word_1_163' title='bbox 1168 3518 1257 3566; x_wconf 87' lang='lat' dir='ltr'>nemo</span> 
     </span>
     <span class='ocr_line' id='line_1_31' title="bbox 135 3607 272 3689; baseline -0.015 -19"><span class='ocrx_word' id='word_1_164' title='bbox 135 3607 272 3689; x_wconf 82' lang='lat' dir='ltr'>negabit.</span> 
     </span>
    </p>
   </div>
   <div class='ocr_carea' id='block_1_11' title="bbox 133 3724 1259 4214">
    <p class='ocr_par' dir='ltr' id='par_1_11' title="bbox 133 3724 1259 4214">
     <span class='ocr_line' id='line_1_32' title="bbox 220 3724 1259 3807; baseline 0 -19"><span class='ocrx_word' id='word_1_165' title='bbox 220 3725 325 3790; x_wconf 87' lang='lat' dir='ltr'>Liceat</span> <span class='ocrx_word' id='word_1_166' title='bbox 349 3724 440 3802; x_wconf 87' lang='lat' dir='ltr'>mihi,</span> <span class='ocrx_word' id='word_1_167' title='bbox 467 3725 608 3805; x_wconf 89' lang='lat' dir='ltr'>quamvis</span> <span class='ocrx_word' id='word_1_168' title='bbox 631 3726 772 3791; x_wconf 88' lang='lat' dir='ltr'>versibus</span> <span class='ocrx_word' id='word_1_169' title='bbox 801 3724 967 3790; x_wconf 78' lang='lat' dir='ltr'>afferendis</span> <span class='ocrx_word' id='word_1_170' title='bbox 990 3743 1042 3789; x_wconf 87' lang='lat' dir='ltr'>eos</span> <span class='ocrx_word' id='word_1_171' title='bbox 1072 3724 1126 3807; x_wconf 91' lang='lat' dir='ltr'>qui</span> <span class='ocrx_word' id='word_1_172' title='bbox 1154 3725 1259 3804; x_wconf 84' lang='lat' dir='ltr'>legent</span> 
     </span>
     <span class='ocr_line' id='line_1_33' title="bbox 134 3827 1258 3906; baseline 0.001 -17"><span class='ocrx_word' id='word_1_173' title='bbox 134 3845 245 3904; x_wconf 88' lang='lat' dir='ltr'>morer,</span> <span class='ocrx_word' id='word_1_174' title='bbox 273 3827 364 3892; x_wconf 91' lang='lat' dir='ltr'>unius</span> <span class='ocrx_word' id='word_1_175' title='bbox 394 3828 487 3892; x_wconf 88' lang='lat' dir='ltr'>etiam</span> <span class='ocrx_word' id='word_1_176' title='bbox 516 3827 628 3892; x_wconf 90' lang='lat' dir='ltr'>cantici</span> <span class='ocrx_word' id='word_1_177' title='bbox 652 3845 761 3892; x_wconf 92' lang='lat' dir='ltr'>versus</span> <span class='ocrx_word' id='word_1_178' title='bbox 783 3846 889 3892; x_wconf 92' lang='lat' dir='ltr'>omnes</span> <span class='ocrx_word' id='word_1_179' title='bbox 913 3827 1081 3906; x_wconf 84' lang='lat' dir='ltr'>ascribere,</span> <span class='ocrx_word' id='word_1_180' title='bbox 1112 3846 1173 3892; x_wconf 90' lang='lat' dir='ltr'>non</span> <span class='ocrx_word' id='word_1_181' title='bbox 1197 3843 1258 3906; x_wconf 90' lang='lat' dir='ltr'>quo</span> 
     </span>
     <span class='ocr_line' id='line_1_34' title="bbox 133 3926 1259 4010; baseline 0.003 -20"><span class='ocrx_word' id='word_1_182' title='bbox 133 3946 226 4010; x_wconf 87' lang='lat' dir='ltr'>quam</span> <span class='ocrx_word' id='word_1_183' title='bbox 248 3926 398 3992; x_wconf 91' lang='lat' dir='ltr'>librorum</span> <span class='ocrx_word' id='word_1_184' title='bbox 423 3927 610 4010; x_wconf 91' lang='lat' dir='ltr'>scripturam</span> <span class='ocrx_word' id='word_1_185' title='bbox 627 3947 646 3992; x_wconf 91' lang='lat' dir='ltr'>a</span> <span class='ocrx_word' id='word_1_186' title='bbox 662 3927 761 3994; x_wconf 89' lang='lat' dir='ltr'>doctis</span> <span class='ocrx_word' id='word_1_187' title='bbox 773 3929 847 3992; x_wconf 88' lang='lat' dir='ltr'>viris</span> <span class='ocrx_word' id='word_1_188' title='bbox 862 3933 1016 3992; x_wconf 90' lang='lat' dir='ltr'>mutatam</span> <span class='ocrx_word' id='word_1_189' title='bbox 1031 3927 1259 3994; x_wconf 88' lang='lat' dir='ltr'>restituendam</span> 
     </span>
     <span class='ocr_line' id='line_1_35' title="bbox 134 4030 1258 4113; baseline 0 -19"><span class='ocrx_word' id='word_1_190' title='bbox 134 4047 203 4094; x_wconf 88' lang='lat' dir='ltr'>csse</span> <span class='ocrx_word' id='word_1_191' title='bbox 226 4030 366 4108; x_wconf 90' lang='lat' dir='ltr'>iudicem,</span> <span class='ocrx_word' id='word_1_192' title='bbox 379 4030 444 4094; x_wconf 77' lang='lat' dir='ltr'>‚sed</span> <span class='ocrx_word' id='word_1_193' title='bbox 466 4037 501 4096; x_wconf 87' lang='lat' dir='ltr'>ut</span> <span class='ocrx_word' id='word_1_194' title='bbox 517 4050 628 4096; x_wconf 90' lang='lat' dir='ltr'>novam</span> <span class='ocrx_word' id='word_1_195' title='bbox 642 4032 855 4105; x_wconf 89' lang='lat' dir='ltr'>variationem,</span> <span class='ocrx_word' id='word_1_196' title='bbox 879 4050 960 4113; x_wconf 90' lang='lat' dir='ltr'>quae</span> <span class='ocrx_word' id='word_1_197' title='bbox 982 4032 1093 4095; x_wconf 90' lang='lat' dir='ltr'>horum</span> <span class='ocrx_word' id='word_1_198' title='bbox 1116 4030 1258 4094; x_wconf 91' lang='lat' dir='ltr'>ordinum</span> 
     </span>
     <span class='ocr_line' id='line_1_36' title="bbox 134 4131 1258 4214; baseline -0.001 -18"><span class='ocrx_word' id='word_1_199' title='bbox 134 4131 260 4214; x_wconf 90' lang='lat' dir='ltr'>propria</span> <span class='ocrx_word' id='word_1_200' title='bbox 283 4138 340 4211; x_wconf 87' lang='lat' dir='ltr'>est,</span> <span class='ocrx_word' id='word_1_201' title='bbox 363 4131 528 4213; x_wconf 84' lang='lat' dir='ltr'>proferam.</span> <span class='ocrx_word' id='word_1_202' title='bbox 574 4133 610 4197; x_wconf 92' lang='lat' dir='ltr'>In</span> <span class='ocrx_word' id='word_1_203' title='bbox 635 4132 775 4197; x_wconf 83' lang='lat' dir='ltr'>Eunuchi</span> <span class='ocrx_word' id='word_1_204' title='bbox 800 4135 880 4200; x_wconf 88' lang='lat' dir='ltr'>enim</span> <span class='ocrx_word' id='word_1_205' title='bbox 903 4151 1015 4198; x_wconf 87' lang='lat' dir='ltr'>scaena</span> <span class='ocrx_word' id='word_1_206' title='bbox 1029 4133 1118 4196; x_wconf 84' lang='lat' dir='ltr'><strong>IV.6</strong></span> <span class='ocrx_word' id='word_1_207' title='bbox 1142 4133 1173 4196; x_wconf 93' lang='lat' dir='ltr'>hi</span> <span class='ocrx_word' id='word_1_208' title='bbox 1193 4152 1258 4196; x_wconf 90' lang='lat' dir='ltr'>ver-</span> 
     </span>
    </p>
   </div>
   <div class='ocr_carea' id='block_1_12' title="bbox 134 4232 1097 4388">
    <p class='ocr_par' dir='ltr' id='par_1_12' title="bbox 134 4232 1097 4388">
     <span class='ocr_line' id='line_1_37' title="bbox 134 4232 375 4316; baseline -0.004 -19"><span class='ocrx_word' id='word_1_209' title='bbox 134 4252 192 4298; x_wconf 88' lang='lat' dir='ltr'>sus</span> <span class='ocrx_word' id='word_1_210' title='bbox 213 4232 375 4316; x_wconf 86' lang='lat' dir='ltr'>leguntur:</span> 
     </span>
     <span class='ocr_line' id='line_1_38' title="bbox 1063 4336 1097 4388; baseline 0 -32"><span class='ocrx_word' id='word_1_211' title='bbox 1063 4336 1097 4388; x_wconf 72' lang='lat'>2.</span> 
     </span>
    </p>
   </div>
   <div class='ocr_carea' id='block_1_13' title="bbox 0 0 1542 4886">
    <p class='ocr_par' dir='ltr' id='par_1_13' title="bbox 0 0 1542 4886">
     <span class='ocr_line' id='line_1_39' title="bbox 0 0 1542 4886; baseline 0 0"><span class='ocrx_word' id='word_1_212' title='bbox 0 0 1542 4886; x_wconf 95' lang='lat' dir='ltr'> </span> 
     </span>
    </p>
   </div>
  </div>
 </body>
</html>
