3074 4886
824 287 865 352 56

280 490 360 558 liber
382 507 492 556 versus
514 489 632 555 rectius
657 490 829 571 scripserit,
853 489 914 555 nisi
936 509 974 556 ex
995 487 1126 569 ratione,
1149 507 1212 571 qua
1234 507 1308 556 suos
1323 491 1407 571 quis·

280 610 341 674 que
364 593 443 658 liber
466 609 575 657 versus
598 591 755 670 distinxit,
784 592 928 673 cognosci
951 611 1011 657 non
1035 597 1148 674 potest.
1194 593 1230 656 In
1254 593 1403 658 Bembino

281 701 386 760 autem
409 696 436 760 si
458 711 567 758 versus
590 712 686 775 prave
708 693 871 760 distinctos
895 712 965 759 esse
987 692 1141 776 ponimus,
1165 692 1276 758 similis
1292 694 1406 776 depra-

281 797 413 862 vationis
437 794 610 878 exemplum
632 795 716 862 inest
731 794 872 875 nullum,
896 801 1005 861 contra
1024 797 1058 858 in
1080 794 1223 860 Parisino
1245 795 1273 859 si
1295 813 1404 861 versus

282 899 360 965 falso
372 898 506 980 scriptos
518 916 587 964 esse
599 897 807 976 concedimus
824 897 886 961 tria
897 895 1006 962 similis
1020 897 1252 977 depravationis
1264 897 1404 979 exempla
1454 973 1457 980 ⁴

282 1001 388 1066 afferri
409 1003 555 1081 possunt:
587 999 683 1064 Andr.
699 996 725 1062 Ι.
741 1000 771 1062 5.
790 998 829 1061 10
844 1004 877 1064 et
893 1000 948 1078 11,
980 999 1059 1064 Eun.
1076 998 1115 1062 II.
1133 1001 1161 1061 1.
1180 999 1199 1063 6
1215 1006 1247 1064 et
1265 1001 1300 1079 7,
1324 999 1402 1064 Eun.

282 1103 322 1168 II.
340 1104 368 1166 1.
385 1103 404 1166 8
421 1106 453 1169 et
467 1103 497 1166 9.
542 1102 590 1166 Ex
612 1118 674 1182 quo
696 1099 831 1166 efficitur
852 1098 997 1166 Bembioi
1020 1098 1269 1180 distinctionem,
1299 1117 1403 1180 quam·

282 1206 328 1271 vis
356 1206 527 1287 depravata
549 1203 606 1283 sit,
633 1207 738 1269 tamen
762 1203 914 1268 veriorem
937 1219 1006 1267 esse
1029 1219 1121 1284 quam
1143 1200 1297 1280 Parisiui,
1325 1221 1402 1283 quae

282 1314 369 1378 recta
391 1307 525 1374 videtur.
562 1305 674 1388 Itaque
696 1303 847 1370 Bembiuo
871 1304 949 1382 duce
970 1304 1052 1370 hunc
1074 1305 1212 1370 ordinem
1236 1304 1404 1370 trochaico

282 1413 450 1480 iambicum
472 1412 663 1474 statuemus:

588 1511 699 1577 Trooh.
722 1514 802 1592 sept.

653 1612 752 1679 Iamb.
775 1616 834 1678 oct
859 1630 884 1677 c.
908 1612 1000 1677 iamb.
1024 1618 1109 1694 quat.

283 1719 404 1786 Deinde
424 1718 457 1784 hi
479 1735 589 1784 versos
612 1715 797 1781 succedunt:
913 1750 915 1758 ι

362 1891 374 1958 ΙΙ
391 1888 487 1963 Rogas
507 1891 570 1946 mei
591 1887 748 1946 eunuchum
770 1884 852 1959 quom
873 1883 976 1944 dedisti
996 1884 1088 1958 nobis,
1109 1903 1179 1960 quas
1196 1885 1296 1945 turbas
1317 1885 1406 1946 dediti

365 1983 519 2057 Virginem,
541 1998 625 2055 quam
646 1996 709 2038 erac
730 1979 802 2038 ddno
824 1979 1047 2051 decoraturus,
1069 1978 1188 2037 vitiavit.
1202 1979 1215 2046 11
1231 1979 1306 2050 Quid
1327 1981 1388 2040 ais?

363 2077 375 2145 ΙΙ
393 2076 478 2137 Perii.
492 2076 503 2141 ΙΙ
519 2073 685 2134 Temulenta
705 2089 744 2132 os.
757 2073 769 2140 ΙΙ
785 2073 900 2131 Utinam
922 2073 963 2130 stc
983 2072 1042 2130 sint
1060 2073 1108 2145 qui
1129 2073 1198 2130 mihi
1215 2072 1287 2135 male
1302 2075 1408 2134 rolant.

437 2170 449 2237 ΙΙ
465 2170 510 2229 Au
532 2168 659 2240 obsecro,
680 2185 740 2227 mea
755 2160 881 2243 Pythias,
902 2167 975 2240 quod
996 2167 1069 2227 istuc
1083 2184 1146 2226 uam
1160 2169 1315 2227 monstrum
1336 2169 1409 2228 fuit?

287 2274 322 2327 15
437 2263 450 2332 ii
461 2263 586 2323 Iosdnis:
598 2263 647 2335 qni
657 2263 731 2322 istuc
742 2261 833 2322 facero
844 2263 989 2320 eunochus
999 2261 1111 2336 potuit?
1124 2259 1136 2328 ΙΙ
1148 2261 1295 2336 Egoillom
1306 2263 1409 2333 ue'soin,

489 2357 544 2429 Qui
563 2355 664 2415 idorit:
686 2357 740 2416 hoo
760 2357 832 2431 quod
853 2355 929 2430 fe‘cit,
951 2374 995 2416 res
1015 2358 1079 2430 ipsa
1100 2357 1217 2418 indicat.

286 2505 363 2572 Gum
392 2504 511 2587 primus
541 2520 650 2567 versus
677 2508 710 2566 et
728 2501 884 2594 iambicus
906 2504 1101 2568 octonarius:
1131 2503 1241 2588 Ropda
1263 2503 1333 2566 me?
1360 2525 1412 2565 ea-

285 2607 418 2672 nectam
441 2612 472 2671 et
493 2605 671 2673 trochaicus
694 2608 907 2688 septenarius:
930 2607 1040 2692 Ropoc
1061 2606 1131 2670 me?
1153 2607 1327 2671 canachum
1342 2625 1413 2672 esse

284 2710 401 2795 possit,
428 2709 639 2788 haesitamus,
672 2707 781 2790 quales
810 2708 936 2775 ordines
963 2709 1123 2774 statuendi
1153 2709 1225 2775 sint.
1274 2709 1354 2775 Nam
1382 2710 1412 2772 si

285 2813 436 2879 iambicus
458 2810 639 2877 octonarius
660 2811 784 2892 legitur,
807 2811 839 2874 hi
863 2811 925 2878 duo
947 2811 1072 2878 ordines
1095 2819 1260 2895 apparent:

531 2932 545 2994 1
572 2929 667 2996 lamb.
690 2937 750 2998 oct.
941 2934 1080 2999 21amb.
1104 2940 1165 3000 oct.

594 3033 613 3096 2
636 3032 746 3100 Troch.
770 3039 849 3116 sept.
1006 3039 1021 3098 l
1046 3034 1154 3103 Seuer.

286 3154 333 3219 sin
357 3153 536 3220 trocnaicus
558 3156 768 3236 septenarius,
797 3156 849 3221 hio
872 3175 952 3222 unus
974 3157 1051 3224 ordo
1075 3155 1413 3224 trochaico-iambicus

287 3255 434 3322 offertur:

696 3343 715 3406 3
738 3343 849 3409 Troch.
872 3348 952 3425 sept.

759 3448 778 3509 2
801 3446 899 3513 lamb.
923 3452 982 3515 oct.

287 3566 337 3631 cui
365 3568 507 3633 senarius
537 3567 697 3634 clausulae
723 3569 824 3634 instar
853 3570 1013 3636 subicitur.
1059 3568 1118 3637 Hic
1145 3571 1222 3636 ordo
1247 3590 1316 3637 cum
1339 3569 1413 3634 sim·

285 3667 396 3749 plicior
425 3675 456 3736 et
486 3670 525 3734 ad
553 3669 612 3734 hoc
634 3670 787 3735 canticum
812 3671 910 3753 magis
934 3673 1119 3737 couveniens
1142 3672 1198 3750 sit,
1227 3670 1295 3736 sine
1317 3671 1411 3737 dubio

285 3763 509 3851 praeferendus
546 3771 672 3837 videtur
699 3791 777 3838 esse.
830 3774 970 3856 Denique
996 3773 1029 3838 in
1057 3773 1118 3839 fine
1145 3773 1259 3839 cantici
1287 3773 1410 3840 iambici

288 3873 439 3938 octonarii
454 3880 638 3954 sequuntur,
662 3874 726 3955 qui,
741 3878 769 3940 si
785 3876 880 3941 libros
896 3879 1065 3959 sequimur,
1078 3895 1172 3942 versu
1187 3876 1237 3955 20,
1256 3877 1410 3943 trochaico

287 3976 474 4058 septenario,
499 3978 531 4041 in
554 3978 632 4043 duos
654 3984 762 4060 partes
785 3978 974 4044 dividuntor.
1011 3979 1055 4045 At
1076 3979 1166 4046 valde
1188 3979 1332 4062 displicet
1352 3978 1412 4044 hac

70 4104 82 4165 ,⁵
128 4081 157 4178 'i
287 4077 439 4144 divisione
462 4080 601 4146 eiusdem
624 4081 780 4147 enunciati
804 4082 943 4147 membra
964 4080 997 4146 in
1022 4082 1161 4146 diversas
1183 4086 1290 4164 partes
1313 4080 1411 4148 disici.

45 4191 51 4201 ¹
133 4151 211 4227 Μ
286 4179 398 4266 Itaque
421 4181 611 4251 Fleckeiseni
634 4184 880 4250 emendationem
897 4183 979 4268 (illac
993 4201 1050 4264 pro
1065 4184 1131 4267 idle)
1148 4185 1410 4269 comprobandam
