3074 4886
832 317 872 380 16

756 403 952 416 ——na

284 514 355 582 aliis
377 515 506 582 canhois
528 517 733 598 componendi
751 519 889 585 rationes
904 520 1083 596 traduntur,
1107 538 1213 586 omnes
1229 519 1411 605 singillatim

284 619 448 700 explicare,
471 637 542 684 oum
564 618 649 700 leges
672 620 904 703 compositionis
926 621 1030 686 nullae
1053 619 1239 702 efficiantur,
1262 641 1412 704 superra-

284 735 413 785 eanenm
436 717 594 784 videatur:
617 721 665 785 sin
688 721 815 786 eaedem
838 723 974 788 rationes
997 723 1107 788 iisdem
1122 710 1411 806 legibus'astrictae

282 821 440 899 redibunt,
463 821 602 887 rationes
624 823 711 903 ipsae
733 820 818 905 leges
840 825 1003 891 habendae
1025 830 1127 889 erunt.

366 919 404 987 In
428 923 623 989 Phormionis
638 922 663 987 Ι.
679 925 704 998 3,
723 943 835 990 scaena
856 926 890 990 hi
913 945 1022 991 versus
1044 925 1133 991 libris
1156 926 1340 992 traduntur:

358 1037 467 1101 ‘Adeon
487 1057 544 1100 rem
565 1042 679 1115 redisse,
699 1044 799 1118 utqui
821 1045 890 1103 mihi
910 1043 1069 1104 consultum
1090 1043 1194 1118 optimi
1215 1044 1283 1104 relit
1303 1060 1374 1118 esse,

359 1133 513 1207 Phaedria,
537 1139 646 1208 patrem
672 1137 704 1195 ut
730 1136 926 1211 extimescam,
948 1138 996 1197 uhi
1015 1139 1045 1196 in
1066 1141 1187 1198 mentem
1207 1138 1269 1198 sius
1289 1138 1407 1199 adventi

1199 1232 1305 1291 veniat.

449 1321 527 1392 Quod
548 1322 578 1381 ni
597 1322 712 1383 fuissem
733 1324 900 1399 incogitans,
922 1325 962 1384 ita
982 1325 1167 1401 expectarem,
1189 1327 1220 1384 nt
1235 1324 1288 1400 par
1302 1324 1365 1384 fuit

548 1416 561 1484 ΙΙ
577 1417 650 1488 Quid
677 1419 751 1506 istuc
774 1423 834 1478 est?
847 1418 859 1487 ΙΙ
877 1417 1014 1495 Rogitas?
1039 1419 1087 1492 qui
1113 1423 1170 1477 tam
1195 1419 1311 1478 audacis
1338 1419 1405 1479 iaci-

903 1515 979 1574 noris
1006 1513 1075 1572 mihi
1096 1514 1225 1573 conscius
1245 1515 1305 1573 sisi

303 1610 319 1662 5
359 1603 437 1675 Quod
458 1605 566 1664 utinam
587 1622 623 1664 ne
643 1606 805 1666 Phormioni
825 1606 853 1665 id
876 1606 993 1667 suadere
1015 1607 1044 1665 in
1066 1613 1185 1666 mentem
1205 1605 1355 1667 incidisset

445 1699 508 1758 Neci
533 1717 576 1758 ma
602 1701 733 1774 cupidum
758 1717 790 1760 eo
815 1701 986 1775 impulisset,
1013 1700 1087 1774 qnod
1112 1699 1181 1758 mihi
1207 1701 1405 1777 priucipidmst

1225 1794 1301 1853 mali.

447 1884 509 1943 Non
530 1886 638 1959 potitus
658 1885 762 1946 essem:
785 1887 886 1947 inisset
906 1891 964 1946 tum
985 1886 1049 1946 illos
1063 1887 1101 1945 mi
1114 1904 1198 1961 aegre
1211 1887 1319 1960 aliquot
1332 1887 1404 1947 dies:

552 1980 591 2039 At
610 1979 666 2038 ndu
687 1981 829 2041 cotidiana
843 1998 909 2042 cura
923 1984 991 2042 haec
1006 1980 1123 2056 angeret
1135 1983 1267 2050 animum,
1280 1980 1292 2048 ΙΙ
1304 1981 1403 2040 Auidio.

550 2073 563 2140 ΙΙ
575 2075 647 2134 Dum
668 2075 785 2148 expecto
813 2093 896 2150 quem
923 2093 986 2136 mox
1006 2075 1101 2134 ueniat
1126 2075 1174 2149 qui
1200 2076 1307 2134 adimat
1332 2073 1404 2134 hano

972 2171 1042 2228 mihi
1063 2169 1299 2230 consuetddinsm.

285 2269 321 2322 lo
550 2260 562 2328 ΙΙ
574 2262 661 2336 Aliis,
688 2263 754 2336 quia
775 2263 843 2322 defit
861 2263 934 2336 quod
955 2265 1063 2335 amant,
1090 2267 1216 2339 aegrest:
1246 2263 1313 2336 tihi,
1337 2264 1404 2337 quia
1525 2323 1526 2334 ,

1048 2375 1133 2432 super
1147 2357 1199 2430 est,
1219 2358 1302 2417 dolet

735 2450 837 2511 Amore
857 2453 994 2526 abundes,
1012 2449 1158 2525 'Antipho

369 2562 487 2630 Versus
510 2566 529 2628 2
552 2564 584 2629 in
605 2562 756 2631 Bemhino
780 2565 956 2630 trochaicus
978 2566 1157 2630 octonarius
1179 2572 1241 2629 est:

457 2710 464 2725 .
486 2710 493 2725 .
514 2685 524 2724 ,τ
543 2709 550 2725 .
572 2709 579 2724 .
600 2667 649 2727 nbi
670 2667 699 2726 in
719 2670 840 2726 muntem
861 2667 922 2726 eins
942 2667 1057 2726 adventi
1079 2665 1182 2726 veniat.

283 2763 315 2827 in
337 2760 427 2827 libris
449 2759 651 2844 Galliopiunis
672 2762 850 2827 trochaicus
872 2761 1084 2843 septenarius:

457 2906 579 2922 .....
599 2865 649 2924 uhi
670 2865 699 2922 in
720 2869 839 2924 menmm
860 2864 922 2923 eius
941 2863 1056 2923 adventi
1076 2864 1134 2935 tus)
1155 2861 1241 2921 uenit.

283 2975 316 3040 in
344 2974 497 3042 Prisciani
526 2977 599 3042 inst.
627 2974 713 3041 tvl.
738 2995 788 3058 pg.
807 2976 912 3041 2581(
942 2983 1037 3060 atque
1064 2976 1083 3041 l.
1100 2973 1199 3040 XVil.
1222 2993 1274 3060 pg.
1300 2971 1402 3038 188K

284 3077 461 3146 trochaicus
484 3078 678 3146 octonarius:

458 3223 580 3239 .....
601 3181 650 3241 ubi
670 3181 731 3241 eius
752 3181 866 3241 adrenti
886 3180 962 3240 venit
982 3179 1012 3239 in
1033 3180 1164 3239 mentem.

527 3275 578 3334 al.:
603 3291 664 3334 cum
686 3275 747 3333 eius
767 3273 882 3333 adventi
903 3272 972 3331 mihi
992 3271 1119 3331 venitin
1139 3270 1270 3329 mentem.

369 3385 447 3450 Cum
473 3383 642 3450 Bemhiuus
673 3392 706 3450 et
734 3383 916 3463 Calliopiani
947 3384 985 3448 de
1009 3382 1174 3447 verborum
1203 3379 1405 3447 collocatione

284 3496 472 3569 congruant,
503 3488 655 3571 sequitur,
683 3494 719 3553 ut
747 3486 926 3553 Priscianus
954 3487 1036 3552 huno
1058 3502 1183 3552 versum
1214 3505 1230 3552 e
1258 3486 1407 3552 memoria

284 3593 388 3675 potius
410 3609 505 3673 quam
520 3609 537 3655 e
552 3590 632 3656 libro
649 3589 754 3672 aliquo
770 3589 958 3656 Terentiano
975 3588 1212 3671 deprompserit.
1245 3587 1306 3653 Sed
1322 3593 1407 3652 recte
1518 3621 1519 3628 κ

283 3691 464 3758 Priscianus
492 3691 644 3758 octonarii
669 3690 819 3757 trochaici
848 3709 992 3756 numeros
1019 3693 1050 3756 in
1073 3693 1252 3758 memoriam
1275 3688 1406 3771 redegit,

284 3814 362 3879 quos
391 3793 577 3877 Calliopius,
615 3799 651 3859 ut
682 3795 787 3858 veniat
816 3793 1045 3861 coniunctiuum
1074 3812 1185 3875 perum
1214 3792 1406 3858 intellectum

284 3899 490 3979 extingueret,
515 3897 647 3961 mutavit
661 3904 755 3980 atque
769 3896 963 3978 depravavit.
997 3897 1032 3961 in
1056 3897 1185 3962 versut
1205 3894 1277 3961 libri
1300 3911 1406 3959 omnes

284 4002 441 4067 scribunt:
467 3996 553 4075 Quid
573 3998 655 4062 ohtoo
678 3997 746 4062 est?
766 3998 922 4084 Rogitas?
943 3998 1002 4084 qai
1020 4006 1078 4066 eto.
1112 3996 1273 4064 Bentleius
1296 3995 1408 4079 copula

285 4113 331 4164 cat
353 4102 455 4167 deleta
478 4099 669 4167 trocheicum
690 4103 883 4166 octonarium
897 4101 1005 4179 edidit,
1028 4118 1120 4184 quem
1135 4098 1253 4182 posteri
1269 4098 1405 4164 editores

284 4196 401 4271 iniuria
438 4210 633 4286 receperunt.
684 4201 765 4269 Nam
799 4201 879 4289 qnid
910 4204 994 4267 iuteo
1027 4203 1122 4268 verba
1159 4208 1234 4268 sunt
1269 4201 1409 4264 mirantis
