3074 4886
748 364 949 464 „ae-

285 575 340 657 qui
369 591 478 641 versus
507 571 600 654 vulgo
628 573 745 654 recepti
774 577 857 636 sunt.
902 571 983 636 Mira
1011 588 1085 636 vero
1114 588 1150 635 ac
1173 569 1341 650 singularis
1365 573 1418 634 est

284 677 362 742 haec
390 693 536 741 versuum
567 675 748 741 consecutio
771 680 803 739 et
825 673 927 756 qualis
949 691 1104 755 nusquam
1126 672 1157 737 in
1180 671 1319 736 Terentii
1342 691 1413 738 can·

285 779 354 844 ticis
376 779 528 844 occurrit:
553 796 653 859 neque
677 783 780 841 tamen
803 775 922 840 tradita
937 776 1033 841 verba
1047 775 1137 839 aliter
1152 791 1245 855 posse
1261 773 1416 856 distingui

284 881 446 959 videntur,
477 879 537 945 nisi
568 899 641 944 vero
672 875 868 960 improbabili
900 879 1078 944 coniectura
1106 895 1143 942 ea
1172 876 1413 958 corrumpimus.

285 983 375 1062 Quod
402 1002 472 1050 cum
503 981 650 1060 nolimuS,
680 978 847 1046 dicendum
870 981 958 1046 nobis
982 987 1030 1044 est
1063 978 1254 1062 singularem
1278 998 1297 1043 a
1320 985 1414 1061 poeta

284 1104 430 1150 versuum
459 1085 598 1149 ordinem
625 1083 658 1147 in
689 1085 747 1149 hoo
778 1084 898 1149 cantico
927 1084 1105 1148 institutum
1134 1099 1213 1147 esse.
1264 1081 1413 1147 Fortasse

284 1185 346 1251 dno
375 1188 407 1252 in
434 1187 483 1250 his
512 1186 652 1252 versibus
684 1188 822 1253 membra
849 1205 960 1267 perse
984 1185 1246 1250 absolutastatui
1271 1191 1411 1266 possunt,

284 1307 416 1371 qnorum
438 1289 572 1354 alterum
596 1308 632 1353 ex

757 1373 870 1441 lamo„
882 1380 968 1456 quat.

715 1476 812 1541 lamb.
836 1495 937 1541 senar.

760 1580 858 1644 lamb.
881 1584 966 1660 quat.

283 1667 416 1733 alterum
439 1687 476 1732 ex

675 1751 693 1812 2
717 1749 815 1816 lamb.
838 1754 898 1816 oct.

284 1894 430 1954 constat·
462 1886 531 1951 Hoc
553 1885 690 1951 conferri
712 1892 816 1967 potest
839 1904 908 1951 cum
931 1871 1073 1952 uersibus
1096 1885 1155 1949 nd.
1172 1883 1231 1948 ΙΙΙ.
1251 1887 1277 1946 l.
1294 1884 1411 1965 8-11,

282 1991 336 2056 nbi
366 1988 555 2055 trochaicam
581 1987 758 2071 pericopam
786 1994 937 2070 quattuor
966 1987 1129 2053 trochaicis
1156 1988 1342 2068 septenariis
1364 1988 1412 2054 in-

283 2094 399 2160 clusam
423 2091 694 2174 deprehendimus.

367 2455 435 2520 Hae
458 2458 532 2519 sunt
554 2471 696 2532 scaenae,
719 2455 750 2519 in
773 2454 887 2537 quibus
903 2454 1025 2523 iambici
1043 2454 1193 2520 octonarii
1209 2459 1242 2520 et
1257 2454 1409 2521 trochaici

282 2557 451 2638 septenarii
472 2556 555 2621 inter
577 2575 611 2622 se
629 2565 819 2640 sequnntur:
843 2557 967 2622 ordines
981 2556 1028 2621 ita
1043 2556 1179 2622 instituti
1195 2563 1277 2634 sunt,
1301 2564 1335 2622 ut
1350 2565 1409 2622 ant

281 2657 422 2724 iambicis
452 2658 620 2724 octonariis
648 2660 797 2724 trochaici
822 2660 1008 2741 septenarii,
1035 2666 1090 2724 aut
1116 2659 1282 2726 trochaicis
1306 2665 1408 2742 septe-

282 2760 379 2824 nariis
401 2759 529 2825 iambici
552 2762 702 2858 octonarii
725 2762 935 2826 subiciantur:
962 2761 1120 2826 interdum
1144 2764 1238 2828 etiam
1261 2763 1409 2844 pericopa

282 2862 533 2927 continuatorum
553 2881 698 2928 versuum
715 2863 745 2927 in
764 2861 825 2927 fine
841 2865 954 2928 cantici
970 2865 1115 2929 occurrit.
1151 2864 1284 2930 Prorsus
1300 2872 1406 2929 autem

281 2963 398 3030 similes
420 2967 544 3030 ordines
566 2967 597 3029 in
621 2964 666 3030 eis
689 2965 811 3029 scaenis
831 2965 974 3046 cognosci
989 2973 1129 3048 possunt,
1152 2967 1314 3048 inquibus
1330 2967 1406 3032 iam·

281 3066 343 3133 bici
373 3068 523 3134 octonarii
552 3074 608 3132 ant
636 3087 705 3132 cum
728 3067 861 3132 senariis
884 3074 939 3133 aut
961 3087 1032 3135 cnm
1054 3069 1241 3151 septenariis
1265 3072 1406 3137 iambicis

279 3172 521 3254 coniunguntur,
543 3170 629 3236 velut
651 3173 681 3235 in
698 3171 772 3236 Hec.
789 3172 857 3236 11.1
883 3191 1006 3250 scaena,
1029 3174 1061 3237 in
1083 3192 1147 3255 qua
1169 3174 1293 3239 iambici
1321 3177 1405 3240 octo·

280 3272 360 3338 narii
383 3279 416 3338 et
436 3274 552 3339 senarii
574 3273 619 3338 sic
641 3272 725 3338 inter
747 3291 781 3338 se
803 3272 981 3339 variantur:

356 3427 410 3486 Pro
436 3427 517 3485 deum
542 3425 627 3498 aitque
652 3426 794 3486 hominum
821 3426 918 3487 fidem!
952 3430 1026 3502 quod
1052 3430 1105 3490 hoo
1131 3447 1222 3504 genus
1247 3435 1304 3504 est,
1331 3446 1404 3504 qnae

980 3523 1051 3582 haec
1070 3526 1114 3583 est
1134 3523 1301 3584 coniuratio!

357 3615 426 3674 Utin
446 3614 545 3674 dmnes
565 3613 695 3674 mulieres
716 3616 813 3674 eadem
835 3632 923 3688 aeque
943 3616 1076 3675 studeant
1096 3617 1240 3692 nolintque
1261 3617 1356 3676 omnia

357 3711 456 3784 Neque
477 3708 644 3769 declinatam
665 3711 814 3784 quiequam
836 3711 871 3769 ab
893 3710 1010 3770 aliarum
1030 3711 1145 3786 ingenio
1163 3711 1249 3770 ullam
1264 3709 1404 3784 reperiant

432 3805 531 3876 Itaque
552 3804 621 3863 adeo
643 3820 696 3863 nno
716 3805 809 3863 animo
831 3821 925 3864 omnes
946 3822 1042 3864 socrus
1062 3805 1180 3863 oderunt
1200 3819 1294 3863 nurus.

299 3904 315 3956 5
355 3897 432 3956 Viris
453 3896 514 3956 esse
536 3897 669 3956 adversas
689 3896 777 3970 atque
797 3897 919 3956 studium
941 3902 993 3969 est,
1014 3896 1114 3956 similis
1135 3896 1291 3972 pertinacia
1309 3897 1362 3955 ent.

356 3977 562 4065 lusoremque
583 4007 678 4050 omnes
699 3991 767 4049 mihi
785 3991 914 4050 videntur
934 3990 999 4050 lddo
1020 3991 1119 4050 doctae
1139 3993 1174 4050 ad
1196 3974 1344 4050 malitiam:

356 4086 391 4145 lli
410 4085 486 4159 luido,
506 4084 532 4145 si
552 4084 626 4144 ullus
646 4083 697 4156 est,
719 4083 882 4159 magistram
902 4085 976 4143 hanc
997 4084 1059 4144 esse
1080 4085 1150 4144 satis
1170 4084 1246 4144 certo
1266 4085 1334 4144 scio.

403 4191 408 4199 “
429 4179 442 4247 ΙΙ
453 4181 499 4239 Me
515 4181 653 4250 miseram,
665 4195 736 4251 quae
749 4195 824 4237 nuno
839 4195 922 4251 quam
937 4177 974 4236 ob
986 4196 1043 4237 rem
1054 4195 1169 4239 accuser
1180 4177 1282 4238 neseio.
1295 4177 1307 4244 ΙΙ
1319 4178 1403 4250 Hem,

432 4274 475 4333 'ln
495 4273 631 4340 nescisti!
645 4274 715 4344 Non,
737 4272 775 4330 ita
798 4270 840 4330 md
862 4272 890 4328 di
912 4273 983 4330 bene
1004 4278 1107 4348 ament,
1129 4274 1167 4363 mi
1188 4275 1305 4346 Laches,
