3074 4886
848 377 885 440 18

300 577 387 642 sibus
412 576 462 662 (cf.
482 577 762 660 leonillam)
787 579 993 661 putabimus?
1026 579 1137 660 ltaque
1157 599 1226 646 cum
1242 579 1425 647 Hermanno

298 680 330 744 in
360 677 398 745 el.
422 681 520 746 doctr.
538 688 625 746 metr.
649 702 698 763 pg.
720 683 780 746 184
809 683 984 748 minuscula
1014 683 1082 747 cola
1112 703 1171 748 uon
1202 703 1324 764 semper
1353 704 1424 749 cum

298 782 557 862 praecedentibus
582 784 721 848 versibus
749 785 914 849 coniuncta
937 803 1027 849 suum
1050 783 1111 850 sibi
1133 784 1294 866 proprium
1317 805 1424 850 nume-

299 901 368 947 rum
390 884 505 948 habere
522 901 613 963 posse
628 885 816 966 putabimus,
839 885 885 950 ita
902 895 934 950 ut
951 887 1222 966 semiseptenarius
1246 888 1424 952 trochaicus

298 983 438 1050 eiusdem
465 986 543 1050 iuris
572 1005 641 1050 esse
670 993 764 1066 atque
793 988 991 1068 septenarius
1020 987 1209 1066 trochaicus,
1240 995 1271 1054 et
1301 995 1425 1069 quater·

298 1087 406 1151 narius
428 1088 577 1153 iambicus
601 1087 738 1154 eiusdem
762 1088 838 1153 iuris
860 1096 955 1170 atquc
978 1091 1156 1154 octonarius
1179 1089 1330 1154 iambicus
1353 1109 1423 1154 esse

297 1187 407 1268 possit.

829 1344 896 1426 §a

383 1459 484 1539 Atque
506 1460 538 1524 in
561 1460 608 1524 his
631 1461 756 1540 quidem
779 1461 899 1527 scaenis
923 1462 1098 1526 trochaicus
1123 1463 1209 1540 ordo,
1234 1472 1269 1527 ut
1290 1464 1348 1528 hoc
1368 1484 1422 1528 no·

296 1560 379 1626 mine
403 1567 484 1638 utar,
512 1560 775 1641 simplicissimus:
805 1563 837 1627 in
859 1560 929 1626 aliis
951 1569 1055 1626 autem
1079 1562 1197 1627 maiore
1220 1569 1288 1628 arte
1312 1583 1419 1646 perpo-

295 1661 370 1728 litus
393 1669 450 1738 est,
473 1664 559 1728 velut
580 1665 611 1726 in
635 1665 775 1744 Hecyrae
792 1665 846 1728 lll.
866 1666 1018 1728 lseaena:

372 1779 486 1840 Nemini
508 1781 589 1855 plura
609 1781 711 1840 acerba
731 1783 812 1841 credo
826 1798 888 1842 esso
903 1782 936 1840 ex
950 1797 1043 1841 amore
1058 1782 1166 1840 homini
1178 1783 1309 1855 umquam
1325 1784 1420 1844 oblata

450 1874 537 1944 Quam
559 1875 605 1932 mi.
634 1877 686 1934 heu
708 1893 751 1935 me
772 1876 921 1947 infelicem,
943 1875 1062 1934 hancine
1084 1893 1136 1948 ego
1150 1875 1234 1934 vitam
1259 1879 1335 1952 parsi
1355 1877 1419 1952 pe‘r·

1239 1971 1316 2029 derel

370 2061 479 2120 Hacine
500 2079 585 2121 causa
606 2079 658 2136 ego
680 2079 753 2121 eram
775 2065 922 2136 tantopere
943 2063 1060 2136 cupidus
1081 2063 1218 2122 redeundi
1239 2064 1363 2121 domum!

372 2155 421 2214 oni
441 2157 545 2228 quanto
566 2154 656 2214 iuerat
676 2155 876 2227 praestabilius
897 2154 989 2214 ubivis
1010 2155 1138 2228 gentium
1158 2172 1241 2228 egere
1263 2158 1384 2216 aetatem

314 2273 330 2324 5
449 2265 536 2334 Quam
558 2266 613 2324 huie
634 2264 724 2323 redire
738 2265 822 2338 atque
836 2264 904 2322 hade
919 2265 959 2322 ita
973 2281 1035 2324 osse
1050 2264 1181 2322 miserum
1196 2281 1239 2322 me
1255 2267 1417 2326 resciscere!

448 2357 521 2416 Nam
542 2375 593 2417 uos
614 2375 709 2416 omnes
730 2358 832 2432 quibus
852 2361 896 2420 est
915 2355 1044 2416 alicunde
1065 2356 1167 2429 aliquis
1188 2357 1314 2416 obiectus
1328 2358 1417 2433 labos,

448 2447 548 2510 'Omne
574 2451 647 2523 quod
668 2453 711 2509 est
737 2449 845 2508 interea
869 2454 980 2521 tempus
1006 2448 1083 2523 prius
1104 2464 1187 2520 quam
1207 2449 1234 2506 id
1257 2453 1419 2512 rescitumst

1203 2543 1231 2602 lu
1249 2561 1278 2602 ro
1309 2587 1315 2601 .

460 2637 532 2706 ll'ht
551 2638 592 2698 sio
613 2637 696 2698 citius
716 2638 765 2710 qui
784 2639 812 2694 te
834 2634 966 2708 expedias
987 2635 1031 2694 his
1052 2635 1192 2694 aerumnis
1212 2548 1346 2712 reopessitas.

372 2733 403 2792 st
422 2750 479 2792 uon
501 2730 642 2804 rediisses,
665 2731 736 2789 haec
755 2730 814 2788 irae
835 2727 926 2788 iactae
948 2731 1043 2788 essent
1063 2729 1149 2789 multo
1169 2728 1333 2805 ampliores:

192 2851 193 2854 ’
293 2843 329 2901 10
371 2841 425 2901 Sed
446 2858 520 2901 nunc
540 2840 690 2900 adveutum
710 2840 787 2899 tuom
808 2840 914 2909 ambas,
934 2838 1092 2914 Pamphile,
1114 2839 1172 2900 scio
1193 2839 1371 2902 reverituras.

370 2935 437 2996 Rem
459 2951 628 3012 cognosces:
649 2934 718 2992 iram
740 2932 886 3009 expedies:
908 2931 1015 2991 rursum
1036 2932 1206 3008 ingratiam
1227 2936 1364 2996 restitues.

446 3028 531 3089 Levia
546 3031 621 3102 sunt,
643 3045 714 3103 quae
734 3028 765 3086 td
784 3028 934 3103 pergravia
948 3044 1009 3087 asse
1025 3027 1190 3089 inanimum
1206 3030 1316 3090 induxti
1329 3034 1414 3091 tuom.

523 3123 535 3189 ll
552 3123 624 3192 Quid
645 3121 788 3182 consolare
809 3127 871 3182 me?
892 3121 928 3181 ain
949 3123 1098 3196 quisquam
1118 3141 1235 3196 usquam
1258 3124 1416 3198 gentiumst

1108 3216 1196 3289 acque
1216 3216 1319 3276 miser?

376 3329 495 3394 Deinde
517 3329 641 3393 iambici
657 3327 809 3392 octonarii
826 3327 979 3408 usquead
995 3345 1117 3391 versum
1135 3327 1176 3390 34
1198 3329 1416 3409 producuntur

291 3430 343 3515 (ci.
355 3430 381 3495 1.
403 3451 455 3515 pg.
468 3431 513 3514 4).
551 3430 674 3496 Tertius
698 3437 729 3496 et
751 3435 882 3510 quartus
906 3447 1014 3495 versus
1037 3428 1125 3494 libris
1149 3433 1184 3495 A.
1197 3429 1230 3494 F.
1242 3427 1277 3495 P.
1301 3432 1346 3497 sic
1369 3433 1414 3496 uti

290 3551 386 3615 supra
413 3531 524 3615 scripsi
548 3531 795 3614 distinguuntur.
841 3529 1001 3596 Bentleius
1025 3529 1163 3596 dativum
1187 3533 1243 3595 cui
1261 3535 1300 3599 ab
1324 3533 1412 3599 initio

288 3637 394 3718 quarti
418 3654 528 3702 versus
551 3642 705 3699 remotum
735 3639 765 3698 et
792 3635 822 3698 iu
852 3632 1098 3699 interiectionem
1122 3633 1162 3696 oh
1192 3644 1347 3701 mutatum
1373 3637 1413 3701 ad

289 3738 406 3804 exitum
429 3755 537 3803 versus
571 3734 657 3802 tertii
692 3735 909 3817 agglutinavit.
955 3733 1175 3802 Fleckeisauus
1206 3747 1237 3802 et
1266 3738 1412 3821 Umpieu·

289 3840 418 3907 bachius
446 3858 515 3905 eum
537 3839 636 3904 secuti
659 3844 746 3915 sunt,
776 3836 838 3900 nisi
868 3837 951 3918 quod
974 3856 1030 3918 pro
1054 3837 1095 3901 ab
1118 3838 1174 3901 dui
1194 3842 1330 3906 scribere
1353 3861 1413 3906 ma·

289 3941 424 4020 luerunt,
449 3941 531 4022 quod
546 3959 566 4005 a
581 3938 706 4004 traditis
723 3937 840 4002 litteris
857 3938 907 4002 cui
920 3941 1047 4021 propius
1062 3941 1195 4007 abesset.
1231 3943 1292 4008 Sed
1308 3962 1413 4024 quam-

289 4062 382 4124 quam
412 4043 543 4108 maxime
574 4042 649 4106 mihi
677 4043 809 4123 probata
839 4047 888 4106 est
917 4043 1012 4121 ratio,
1043 4062 1105 4124 qua
1132 4045 1228 4110 verba
1256 4066 1293 4110 ex
1322 4045 1411 4111 initio

289 4163 397 4210 versus
420 4147 557 4226 corrupti
573 4145 604 4210 in
620 4145 735 4210 exitum
759 4145 972 4209 antecedentis
984 4163 1093 4212 versus
1116 4147 1310 4230 rediguntur,
1326 4168 1412 4232 prue-

289 4245 397 4314 sertim
420 4249 447 4311 si
462 4254 531 4312 arto
555 4247 728 4314 sententiae
745 4247 867 4312 vinculo
889 4265 957 4313 cum
982 4249 1124 4330 sequenti
1140 4269 1231 4314 versu
1247 4252 1410 4318 coniuncta
