3074 4886
684 336 723 398 27

138 531 401 614 pronuntiationis
432 535 586 603 dubitatio
614 540 653 604 da
680 558 772 605 versu
796 539 836 603 18
858 541 1011 620 occurrit,
1041 558 1133 623 quem
1157 557 1263 606 omnes

138 640 210 715 post
224 635 400 702 Bentleium
424 639 560 727 editores
583 643 775 708 trochaicum
798 661 867 709 esse
882 644 1057 708 voluerunt.
1091 643 1141 707 Nil
1156 648 1262 708 autem

139 734 254 815 obstat,
278 756 316 802 ne
338 758 394 820 pro
417 739 499 826 qnod
519 743 579 806 tote
600 742 758 829 quidiste
780 746 1018 825 pronuntiantes
1042 763 1166 809 versum
1185 743 1262 809 iam·

139 837 242 903 bicum
265 843 457 908 octonarInm
480 845 678 926 accipiamus.
723 848 812 926 Quod
835 847 973 925 silicet,
1002 866 1040 912 nc
1062 847 1173 912 horum
1196 845 1264 929 qui-

140 937 211 1003 dem
234 958 379 1007 versuum
402 945 478 1010 ordo
502 947 713 1015 disturbatur:
736 968 808 1014 nam
830 951 968 1015 intense
990 955 1177 1031 sequuntur:

549 1066 660 1134 Troch.
683 1075 744 1135 oct.

615 1171 726 1237 Trocb.
750 1178 829 1257 sept.

549 1271 661 1338 Troch.
684 1277 744 1340 oet.

487 1453 491 1461 .
615 1375 724 1443 Troch.
749 1379 828 1460 sapt.

685 1477 783 1544 Iamb.
806 1484 867 1547 oct.

141 1591 217 1659 Post
237 1593 295 1658 bos
317 1612 427 1660 versus
449 1601 542 1676 poeta
563 1596 603 1660 ad
626 1596 797 1678 simplicem
819 1598 1010 1665 trochaicum
1034 1597 1175 1663 ordinem
1193 1598 1265 1663 red-

141 1695 193 1772 iit,
224 1695 255 1760 in
283 1714 344 1778 quo
373 1701 437 1761 tres
466 1697 617 1764 trochaici
646 1701 798 1766 octonarii
827 1718 896 1766 cum
928 1702 1048 1767 duobus
1079 1700 1264 1782 septenariis

141 1794 308 1863 trochaicis
331 1795 571 1881 coniunguntur,
594 1801 707 1880 quibus
729 1802 801 1867 inde
825 1821 844 1866 a
866 1820 958 1867 versu
981 1803 1022 1866 24
1044 1803 1167 1869 iambici
1182 1808 1265 1868 octo·

141 1897 222 1962 narii
244 1899 429 1964 succedunt:

549 1990 660 2056 Troch.
684 1999 743 2058 oct.

615 2093 726 2159 Troch.
750 2100 828 2176 sept.

672 2194 771 2263 Iamb.
797 2202 857 2262 oct.

142 2329 277 2395 Ultimos
304 2336 409 2397 autam
436 2331 530 2398 huius
559 2333 676 2397 ordinis
705 2351 814 2399 versus
837 2333 891 2416 (28
914 2338 947 2397 et
969 2331 1023 2414 29)
1051 2331 1103 2396 alii
1126 2331 1263 2396 editores

142 2434 233 2498 aliter
254 2435 447 2515 scripserunt
475 2441 570 2516 atque
592 2454 699 2501 omnes
721 2436 863 2502 ordinem
886 2453 1048 2514 versuum,
1075 2450 1167 2514 quem
1190 2433 1265 2499 abbi

143 2536 353 2616 cognovimus,
370 2538 585 2602 turbaverunt.
619 2537 838 2604 Fleckeisenns
854 2537 1029 2603 Bentleium
1044 2541 1170 2602 secutus
1186 2536 1265 2600 duos

143 2638 283 2703 senarios
306 2637 422 2704 effecit:

297 2758 383 2818 Dite
404 2758 555 2834 oradicant,
576 2761 626 2834 qui
645 2776 689 2820 mo
710 2760 777 2820 hinc
796 2761 931 2834 axtrnttn,
952 2759 1032 2835 Syre.

293 2850 306 2918 ΙΙ
318 2853 356 2910 nt
376 2851 406 2910 cu
426 2851 473 2924 pol
494 2851 549 2912 tibi
569 2852 638 2912 istos
658 2852 776 2928 posthac
796 2851 972 2928 comprimito
994 2867 1101 2911 manus.

143 2961 408 3042 Umpfenhachius
430 2968 536 3027 cutem
549 2963 749 3028 trochaicum
772 2962 966 3030 octonarium
990 2966 1022 3027 et
1044 2960 1266 3042 semiseptena-

143 3065 224 3130 rium
246 3063 309 3144 legi
331 3063 431 3130 iubet:

162 3163 164 3168 ⁵
189 3184 274 3243 Doto
295 3181 447 3257 oradicont,
467 3184 547 3259 Syro,
569 3185 617 3259 qui
639 3201 682 3245 me
702 3186 770 3246 hinc
790 3184 949 3252 tutudisti
967 3184 1007 3244 nt
1026 3182 1059 3242 tut
1078 3181 1132 3242 tibi
1152 3181 1223 3240 istos

295 3276 419 3337 Posthac
438 3279 612 3353 comprimito
634 3297 741 3340 manus.

143 3389 195 3470 qui
219 3405 327 3453 versus
356 3386 442 3452 nullo
472 3387 606 3454 iambico
635 3391 796 3455 octonario
819 3388 1024 3468 excipiuntur.
1069 3387 1173 3464 Quare
1196 3403 1267 3451 con·

143 3491 314 3555 cedendum
345 3495 429 3556 esset
451 3488 630 3557 Terentium
658 3493 697 3557 ab
727 3493 845 3557 usitato
871 3490 1097 3556 trochaicorum
1120 3506 1265 3553 versuum

143 3593 253 3659 ordine
274 3595 456 3669 recessisse,
480 3593 542 3659 nisi
564 3594 644 3660 liber
666 3583 835 3658 Bembinus
858 3611 968 3657 versus
991 3589 1083 3656 aliter
1104 3589 1198 3655 scribi
1220 3588 1267 3652 iu·

144 3696 242 3766 beret.
286 3696 456 3761 Bembinus
478 3697 560 3760 enim
582 3697 639 3761 hos
661 3714 770 3761 versus
793 3694 897 3759 offert:

184 3815 225 3872 Da
247 3816 275 3872 te
295 3814 448 3888 eradicant,
470 3815 548 3889 Syra,
568 3815 617 3888 qui
637 3831 680 3874 mo
701 3814 768 3874 hinc
783 3812 917 3875 extrudis.
929 3813 942 3880 ΙΙ
959 3812 998 3870 At
1010 3813 1041 3872 tu
1056 3811 1102 3886 pol
1123 3809 1176 3870 tibi
1196 3808 1267 3868 istas

297 3908 420 3968 Posthac
440 3907 614 3983 comprimito
634 3925 743 3982 manus,

144 4016 198 4100 qui
214 4016 345 4095 numeri,
362 4017 389 4082 si
404 4019 486 4081 istac
502 4019 644 4101 sequenti
658 4018 811 4085 versiculo
827 4016 1018 4100 praefigitur,
1031 4017 1167 4098 expediti
1179 4019 1266 4079 sunt:

188 4137 273 4198 Dite
294 4134 446 4208 oradicont,
467 4129 546 4216 sy‘re,
566 4138 615 4211 qni
635 4155 677 4199 ms
698 4136 764 4196 hinc
784 4136 918 4196 outrodis.
930 4135 943 4203 ΙΙ
959 4137 999 4195 At
1018 4136 1049 4194 tu
1070 4133 1116 4208 pol
1136 4131 1190 4194 tibi

296 4233 370 4294 Istas
390 4233 508 4312 posthac
530 4232 704 4311 comprimito
725 4247 834 4290 manns.
