3074 4886
757 359 957 464 „e-

674 569 690 630 l
714 567 825 634 Trooh.
849 574 909 636 oet.

733 671 752 734 2
775 671 885 739 Troeb.
907 679 988 754 sept.

673 775 690 836 1
715 773 826 840 Trooh.
850 779 910 842 oct.

804 878 819 939 1
844 875 942 942 lamb.
966 882 1027 943 oct.

734 979 753 1043 3
776 980 890 1046 Troch.
907 986 986 1060 sept

803 1083 821 1146 5
844 1081 943 1146 lamb.
966 1086 1025 1148 oet

295 1197 412 1265 lterum
435 1218 516 1265 unus
539 1219 647 1266 versus
673 1202 720 1278 12,
745 1203 798 1282 qni
821 1203 972 1268 iambicus
995 1203 1173 1268 octonarius
1196 1203 1226 1267 in
1249 1203 1338 1268 libris
1359 1211 1418 1278 est,

293 1301 395 1366 ordini
417 1308 525 1369 nostro
547 1303 742 1383 adversatur,
764 1305 862 1370 ceteri
884 1305 999 1387 optime
1022 1306 1221 1387 adaptantur.
1256 1307 1418 1372 Bentleius

292 1403 412 1486 primus
443 1405 473 1469 in
502 1403 561 1470 hoo
590 1403 725 1471 iambico
754 1405 914 1471 octonario
944 1407 1087 1484 offendit,
1118 1409 1200 1490 quod
1224 1409 1417 1474 trochaicum

293 1506 488 1571 octonarium
511 1507 633 1588 exeipit,
657 1525 693 1573 ao
715 1526 861 1574 versuum
885 1507 1085 1575 distinctione
1108 1517 1229 1576 mutata
1243 1510 1418 1593 legitimum

292 1610 433 1675 ordinem
456 1611 500 1676 sio
521 1610 677 1676 restituit:

329 1746 404 1806 Novi
415 1763 468 1821 ego
481 1749 573 1807 vestra
583 1747 665 1807 haee:
680 1747 783 1806 nollem
795 1747 908 1820 faotum,
921 1748 1112 1808 iusiurandum
1127 1747 1241 1808 dabitur
1255 1713 1356 1808 inesse
1369 1749 1416 1808 in·

394 1842 516 1917 Dignum
537 1842 640 1902 iniuria
661 1843 724 1913 hdo,
747 1842 871 1918 indignis
892 1860 954 1902 oum
969 1841 1080 1918 egomet
1099 1842 1152 1902 sim
1166 1842 1301 1916 aoooptdo
1315 1841 1416 1902 modis.

291 1971 377 2050 Quae
400 1970 584 2048 emendatio,
609 1971 750 2052 quamvis
773 1970 870 2035 facilis
894 1969 952 2049 sit,
975 1976 1078 2036 tamen
1101 1972 1244 2037 omnibns
1266 1971 1417 2037 audacior

290 2073 358 2139 visa
384 2078 448 2152 est,
479 2092 572 2155 quam
601 2079 637 2139 ut
664 2092 732 2138 eam
754 2075 941 2155 probarent,
970 2075 1053 2138 unde
1075 2074 1191 2138 factum
1215 2079 1277 2152 est,
1306 2081 1342 2138 ut
1363 2073 1416 2138 hio

290 2195 400 2243 versus
424 2175 566 2258 pluribus
582 2175 613 2239 in
629 2174 696 2240 dies
713 2175 898 2241 coniecturis
914 2181 1106 2240 tentaretur:
1131 2176 1328 2242 Hermannus
1343 2194 1415 2256 pro-

289 2289 409 2370 posuit:
433 2284 662 2350 tuso'urdadum
692 2283 821 2348 dabitur
852 2297 880 2348 te
902 2261 1172 2370 indrynam-'Esne
1198 2286 1323 2350 irtiurio
1344 2285 1413 2366 tao,

288 2390 522 2456 Fleckeisenus:
547 2388 678 2453 ddba‘tur
692 2386 925 2467 iusiurdndum,
950 2387 1137 2474 indipoum-
1151 2390 1190 2452 Te
1207 2391 1272 2451 ease
1287 2388 1414 2452 iniuria

288 2493 363 2572 lodo,
394 2491 597 2559 Conradtius:
627 2489 853 2555 iusiurandum
880 2492 1006 2555 inidria
1033 2490 1274 2555 boo-Ddditor
1297 2503 1325 2554 te
1348 2514 1415 2554 ease

289 2594 468 2681 indrynam:
504 2613 585 2676 qnae
618 2593 808 2659 mutationes
836 2602 954 2676 quanto
985 2592 1170 2660 Bentleiana
1197 2598 1413 2664 emendatione

288 2705 362 2763 sunt
394 2697 598 2773 difficiliores
632 2703 720 2763 tanto
754 2697 856 2763 minus
887 2698 1066 2780 probandae
1095 2696 1251 2763 videntur.
1304 2701 1413 2783 Neque

288 2801 386 2882 magis
401 2800 648 2881 Umpfenbaohio
664 2802 809 2867 assentiri
824 2819 960 2881 possum,
980 2803 1033 2882 qui
1047 2800 1198 2867 librorum
1215 2803 1414 2868 distinetione

287 2905 429 2984 neglecta
452 2905 518 2982 ipse
541 2922 649 2968 versus
672 2904 759 2981 fecit,
783 2903 881 2968 trooh.
905 2902 978 2966 dim.
1002 2922 1063 2978 aa,
1086 2904 1185 2969 troch.
1208 2905 1411 2982 octonarium,

286 3006 384 3070 troob.
401 3004 699 3087 semiseptenarium,
716 3023 847 3088 quorum
864 3005 983 3087 primns
999 3023 1152 3086 nusquam
1170 3007 1199 3069 in
1217 3005 1412 3071 Terentianis

286 3106 398 3173 fabulis
421 3110 566 3174 occurrit.
611 3109 698 3187 Quae
724 3125 793 3172 oum
821 3108 865 3171 ita
896 3107 973 3184 sint,
1005 3108 1148 3189 equidem
1171 3107 1203 3173 iu
1228 3108 1413 3174 Bentleiana

286 3211 501 3277 emendatione
523 3212 696 3293 acquiesco,
720 3227 789 3276 oum
812 3209 923 3274 melius
946 3228 1047 3291 neque
1070 3229 1153 3276 ame
1169 3213 1236 3291 ipso
1251 3211 1412 3276 inventum

285 3333 386 3396 neque
408 3333 428 3378 a
450 3313 550 3380 dootis
573 3315 648 3379 viris
671 3314 826 3396 prolatum
848 3311 995 3392 habeam,
1024 3318 1118 3395 atque
1141 3313 1214 3378 inde
1235 3332 1254 3379 a
1277 3332 1371 3379 versu
1394 3315 1413 3377 6

285 3415 479 3483 trochaicum
501 3417 641 3482 ordinem
664 3413 887 3498 amplificatum
911 3415 1109 3482 scribendum
1133 3435 1202 3482 esse
1225 3417 1318 3482 duco:

693 3537 805 3602 Troeh.
829 3541 890 3601 oet.

756 3638 866 3705 Troch.
890 3642 968 3720 sept.

692 3740 803 3808 Troob.
827 3746 885 3806 oet.

755 3842 867 3909 Troob.
890 3848 969 3926 sept.

691 3946 803 4011 Troob.
827 3952 886 4012 oot.

755 4048 866 4115 Troob.
890 4053 968 4130 sept.

817 4147 915 4214 Iamb.
939 4153 1000 4214 oet.

286 4261 420 4330 Coniero
449 4262 528 4327 bano
555 4267 667 4346 poetae
694 4261 864 4340 audaciam,
895 4279 957 4342 qua
986 4261 1189 4342 compositum
1221 4261 1348 4327 verbum
1378 4262 1413 4330 in
