3074 4886
684 352 724 416 57

141 577 209 625 esse
231 578 352 640 censeo,
373 576 436 640 qua
457 562 585 640 recepta
607 559 638 621 in
658 557 719 621 fine
734 554 828 620 huius
844 553 955 620 cantici
971 553 1104 619 iambica
1119 551 1266 634 pericopa

141 663 307 726 statuenda
330 667 387 741 est,
410 679 473 743 qua
495 661 514 724 9
537 659 662 725 iambici
685 658 837 724 octonarii
859 657 1072 723 includuntur.
1159 736 1163 748 x

225 764 349 828 Medius
372 765 455 827 inter
476 762 649 827 trochaioos
672 761 798 827 ordines
821 763 852 826 in
877 763 956 824 Eun.
968 760 1008 824 ΙΙ.
1028 762 1042 821 1
1068 773 1181 824 scaeua
1204 761 1266 820 tro·

140 863 413 930 choico-iambicus
444 866 520 930 ordo
544 867 680 928 insertus
702 871 759 928 est.
805 865 994 944 Principium
1018 863 1111 928 huius
1134 878 1267 925 scaenae

140 966 241 1031 oritur
262 985 281 1031 a
303 965 434 1046 simplici
459 967 568 1031 ordine
590 964 758 1044 trochaico,
782 967 812 1030 in
836 983 897 1047 quo

501 1087 515 1149 1
541 1086 652 1150 Trooh.
677 1092 737 1150 oet.

564 1191 578 1250 1
603 1189 715 1252 Troch.
740 1193 818 1269 sept.

631 1293 645 1352 1
672 1291 769 1355 lamb.
793 1296 880 1370 quat.

140 1413 222 1478 inter
251 1430 285 1478 se
308 1411 489 1476 succedunt.
535 1409 655 1474 Deinde
677 1411 753 1475 ordo
777 1409 1100 1476 trochaico-iambicus
1123 1409 1266 1491 infertur,

141 1515 229 1578 cuius
251 1532 361 1579 versus
384 1513 526 1593 quamvis
548 1530 644 1591 prave
660 1513 690 1576 in
706 1511 796 1577 libris
813 1513 952 1577 distincti
967 1513 1039 1592 sint,
1062 1518 1166 1578 tamen
1181 1517 1267 1580 recto

140 1617 203 1682 iam
225 1635 244 1680 a
266 1614 389 1682 Faerno
411 1615 520 1695 scripti
544 1620 632 1679 sunt:

450 1736 468 1798 2
492 1734 602 1802 Troch.
626 1739 705 1816 sept.

505 1840 528 1900 rl
551 1837 650 1902 Iamb.
673 1843 732 1905 oct.
756 1858 782 1904 c.
805 1839 898 1905 iamb.
923 1842 1008 1921 quat

141 1960 207 2023 Iam
231 1977 305 2024 vero
323 1959 355 2022 hi
371 1959 432 2023 duo
448 1976 557 2023 versus
573 1958 604 2020 in
621 1956 811 2024 editionibus
826 1958 970 2025 omnibus
989 1954 1265 2023 circumferuntur:

218 2110 323 2170 Minus
344 2112 468 2170 nostrum
490 2111 590 2171 ornato
605 2113 707 2184 verbis,
729 2113 802 2186 quod
824 2113 941 2187 potoris:
963 2115 991 2171 et
1011 2113 1095 2171 istum
1117 2111 1265 2184 aemulum,

481 2206 559 2277 Quod
581 2207 696 2281 poteris,
717 2210 753 2266 ab
775 2224 809 2266 ea
828 2207 937 2281 pellito.

138 2343 192 2422 qui
220 2361 329 2408 versus
358 2361 428 2408 oum
457 2337 558 2426 neque
587 2343 784 2409 antecedenti
814 2341 914 2409 ordini
944 2342 1265 2410 trochaico-iambico

140 2443 237 2518 adici,
271 2463 373 2527 neque
408 2447 551 2526 sequenti
581 2449 681 2511 ordini
709 2447 868 2512 trochaico
898 2446 1047 2527 praeponi
1076 2446 1221 2526 possint„
1240 2445 1266 2507 si

140 2550 225 2610 recte
248 2547 354 2610 traditi
378 2553 492 2626 essent,
521 2549 710 2629 singularem
735 2549 986 2630 ordinemnobis
1009 2547 1166 2614 offerrent.
1204 2546 1265 2612 Sed

140 2645 292 2713 librorum
322 2646 481 2713 distinctio
510 2647 601 2712 valde
624 2649 801 2714 disturbata
825 2655 881 2713 est.
927 2649 1095 2714 Bembinus
1119 2649 1176 2712 hos
1199 2666 1267 2712 ver·

141 2768 196 2816 sus
219 2750 332 2816 tradit:

217 2871 319 2928 Munus
340 2870 467 2928 nostrum
488 2871 586 2930 ornato
607 2869 710 2942 verbis,
732 2871 805 2944 qnod
826 2869 946 2945 poteris:
968 2873 997 2928 ot
1016 2869 1100 2929 istum

384 2962 548 3034 Aemulum,
571 2965 642 3038 quod
663 2965 782 3038 poteris,
805 2967 841 3024 ab
862 2981 895 3024 ea
915 2964 1023 3039 pellito.

140 3071 302 3139 Parisinus
325 3073 398 3140 hoa:

216 3195 319 3252 Munus
340 3193 465 3251 nostrum
487 3194 585 3251 ornato
606 3192 711 3266 vorbis,
733 3193 806 3268 quod
828 3194 948 3269 potoris:

217 3287 255 3347 m
274 3286 359 3346 istum
382 3285 531 3358 aemulum,
553 3288 625 3360 quod
647 3288 761 3361 potoris,
784 3289 819 3346 ab
840 3303 874 3346 oa
893 3287 1000 3363 pellito.

140 3415 228 3494 Quae
251 3416 344 3482 huius
367 3434 484 3497 pravae
507 3417 538 3482 in
561 3415 651 3482 libris
676 3417 885 3484 distinotionis
908 3437 1004 3485 causa
1026 3419 1077 3498 sit,
1100 3419 1133 3484 in
1156 3437 1265 3499 propa-

139 3516 206 3583 tulo
234 3537 295 3584 non
326 3525 383 3583 est.
430 3517 523 3584 Certe
550 3527 655 3585 autem
685 3520 845 3586 distinctio
876 3522 1049 3603 depravata
1072 3529 1129 3588 est.
1162 3521 1266 3599 Quare
1342 3581 1348 3592 .

140 3617 231 3688 nobis
261 3620 337 3703 ipsis
367 3620 474 3688 licebit
503 3640 613 3686 versus
645 3622 853 3705 distinguere,
882 3626 934 3706 qui
952 3633 1137 3691 ceterorum
1166 3623 1266 3689 ordini

139 3723 250 3788 melius
272 3723 473 3804 adaptentur.
516 3725 627 3804 ltaque
650 3744 759 3790 versus
782 3726 826 3790 sic
849 3728 1030 3792 scribendos
1053 3745 1205 3810 propono:

216 3859 320 3920 Minus
340 3863 466 3920 nostrum
489 3860 588 3920 ornato
604 3861 706 3932 verbis,
728 3862 800 3936 quod
822 3864 942 3936 potaris:
963 3866 992 3922 ot
1011 3863 1097 3924 istum
1119 3862 1266 3936 aemulum,
1380 3939 1395 3955 ,.

1090 3958 1163 4032 quod
1368 3959 1378 3974 ''

293 4031 415 4105 Poteris,
436 4033 472 4090 ab
493 4049 526 4094 aa
545 4031 652 4107 pellito.

139 4142 194 4226 qui
216 4159 325 4207 versus
348 4141 539 4223 sisequenti
555 4162 700 4209 versuum
718 4143 821 4210 ordini
836 4152 1083 4227 praeponuntur,
1105 4145 1188 4210 huno
1202 4162 1266 4209 am·

138 4243 307 4325 piifiootum
331 4246 520 4313 trochaicum
544 4247 684 4312 ordinem
707 4248 870 4315 inchoant:
