3074 4886
817 341 857 404 14

733 427 928 439 ——n—-n—

270 541 362 624 fugae
391 542 510 624 pudore
538 544 735 610 excruciatus
764 543 797 608 in
820 562 964 609 scaenam
986 543 1096 615 rediit,
1126 561 1163 618 ex
1186 541 1269 608 Geta
1290 561 1396 622 servo,

154 733 156 737 Ι
271 661 332 724 quo
354 644 420 712 loco
442 663 493 710 res
516 644 559 710 sit
582 664 649 720 sua,
673 646 775 710 audit:

308 777 478 854 'Enimverq
493 779 628 855 Antiphd,
649 781 821 840 multimodis
841 799 902 840 cum
922 782 994 840 istoc
1015 780 1107 840 animo
1127 799 1157 840 es
1179 781 1396 857 vituperandus:

307 870 399 932 'Itan‘e
419 876 447 932 te
469 874 536 933 hine
556 875 649 933 abisse
670 876 699 934 et
720 875 804 933 vitam
825 873 900 932 triam
922 875 1066 932 tutandam
1089 874 1152 933 aliis
1174 875 1298 960 dedisse!

308 963 399 1026 'Alios
419 970 495 1027 tuam
518 985 574 1026 rem
596 967 741 1027 credidisti
762 967 852 1041 magis
872 984 955 1040 quam
976 969 1032 1025 tete
1054 967 1315 1027 animadversuros?

308 1061 382 1120 Nam
401 1061 433 1119 rit
454 1062 486 1119 ut
506 1065 588 1120 erent
609 1060 673 1130 alia,
694 1061 737 1118 illi
759 1063 833 1120 certe
852 1059 924 1133 qnae
945 1078 1019 1119 nunc
1037 1061 1090 1120 tibi
1104 1063 1208 1121 domist
1221 1060 1392 1134 consuleres,

371 1154 416 1213 Ne
436 1154 502 1227 quid
524 1157 638 1229 propter
658 1153 733 1211 triam
755 1154 838 1212 fidem
860 1153 978 1226 decepta
997 1155 1138 1228 poteretir
1159 1154 1238 1214 mali:

372 1248 423 1307 dui
442 1263 515 1305 nune
536 1247 654 1305 miserae
675 1245 740 1321 spes
761 1262 883 1321 opesque
904 1246 970 1305 sdut
990 1246 1018 1304 in
1034 1252 1061 1306 te
1077 1265 1132 1306 uuo
1153 1247 1248 1306 omnes
1269 1249 1352 1307 sitae.

433 1341 445 1408 ΙΙ
456 1342 493 1399 Et
513 1341 638 1414 quidem,
659 1357 719 1414 ere,
745 1358 795 1400 nos
815 1341 976 1399 iamdidum
997 1341 1044 1399 hic
1063 1342 1093 1400 te
1113 1343 1258 1400 absentem
1278 1343 1392 1400 incusa-

1016 1451 1086 1502 mus,
1108 1435 1156 1508 qui
1177 1433 1290 1493 abieris.

433 1529 496 1596 llTe
521 1529 613 1603 ipsuim
639 1529 815 1602 quaerebam.
835 1525 847 1593 ΙΙ
869 1525 924 1585 sed
949 1543 982 1585 ea
1003 1543 1087 1586 eausa
1113 1527 1201 1586 nihilo
1227 1526 1317 1602 magis
1342 1527 1391 1585 de·

431 1717 443 1785 ΙΙ
456 1719 581 1790 Loquere
601 1715 732 1787 obsecro,
760 1731 814 1787 quo
840 1732 903 1773 nam
929 1716 959 1772 in
979 1716 1040 1774 loco
1061 1719 1127 1776 suut
1147 1621 1389 1774 rggclelimizrtonae

1199 1825 1290 1866 meae:

431 1906 575 1979 Numquid
599 1905 673 1979 patri
694 1904 825 1964 subolet?
842 1905 854 1973 ΙΙ
871 1905 951 1964 Nihil
971 1903 1064 1963 otiam.
1081 1903 1094 1970 ΙΙ
1116 1903 1223 1976 Ecquid
1244 1902 1306 1977 spei
1325 1917 1391 1975 por·

969 2001 1045 2058 rost?
1057 1998 1069 2066 ll
1085 1996 1197 2057 Nescio.
1210 1997 1222 2064 ll
1235 1999 1287 2056 hh.

432 2091 445 2158 ΙΙ
456 2091 520 2151 Nisi
534 2089 674 2150 Phaidria
693 2091 769 2151 hand
782 2092 905 2152 cessavit
918 2109 968 2166 pro
982 2095 1010 2150 te
1025 2091 1103 2150 eniti.
1116 2089 1128 2157 ΙΙ
1139 2087 1220 2149 Nihil
1233 2089 1302 2148 iecit
1316 2087 1389 2148 nevi.

433 2186 445 2254 ΙΙ
456 2188 527 2246 Tum
541 2185 673 2246 Phormio
694 2186 791 2245 itidem
813 2188 842 2245 iu
857 2186 910 2246 heic
925 2203 953 2244 re
967 2188 999 2244 nt
1013 2186 1077 2244 aliis
1097 2183 1237 2244 strenuom
1252 2183 1391 2243 hominem

1258 2277 1289 2335 it.

432 2373 444 2440 ΙΙ
457 2373 529 2444 Quid
544 2373 569 2431 is
583 2373 670 2432 iecit?
682 2372 694 2439 ll
711 2373 870 2434 Confutavit
883 2375 976 2434 verbis
996 2277 1266 2454 admodumpirrzetfilrir
1286 2387 1390 2429 senem.

430 2467 509 2539 litu,
531 2465 670 2526 Phormio·
683 2467 695 2534 ΙΙ
711 2469 771 2542 Ego
791 2469 864 2542 quod
890 2469 969 2544 pdtui
995 2486 1086 2544 porro.
1099 2467 1167 2534 llMi
1183 2467 1269 2539 Geta,
1298 2465 1390 2526 omnis

326 2655 371 2715 Sic
392 2653 497 2714 habent
517 2653 658 2729 principie
679 2671 741 2714 sese
762 2659 795 2713 ut
813 2655 889 2715 dico:
909 2656 1001 2715 adhuc
1021 2561 1312 2730 tranquillva68reaemgst

326 2747 529 2820 Mansurusque
550 2746 676 2822 patruum
698 2751 779 2823 pater
794 2751 845 2821 est,
863 2749 927 2807 dum
942 2749 997 2808 huic
1010 2750 1150 2808 adveniat.
1164 2748 1176 2814 ll
1188 2747 1260 2818 Quid
1275 2749 1361 2806 eum?
1375 2743 1389 2812 Η

1211 2860 1227 2899 a

388 2936 431 2994 De
452 2934 513 2995 eius
532 2933 649 2994 consilio
670 2934 732 2994 sese
753 2935 825 2993 uelle
845 2935 938 2996 iacere
959 2937 1032 3010 qued
1054 2936 1089 2994 ad
1110 2843 1390 2996 heriletressagrttinet.

386 3027 560 3099 llQuantnm
587 3028 702 3088 metuist
728 3027 797 3087 mihi
818 3028 910 3089 ridere
936 3028 990 3090 huc
1017 3029 1123 3090 salvom
1151 3047 1225 3089 nunc
1244 3027 1388 3104 patrudm,

444 3215 516 3274 Nam
545 3213 596 3289 per
620 3215 681 3274 eius
713 3234 810 3289 unam,
836 3218 867 3275 nt
892 3216 988 3290 aridio,
1012 3219 1061 3276 aut
1087 3217 1177 3276 rivam
1205 3123 1391 3275 {germar

1111 3309 1288 3370 senteutiam.

353 3409 456 3476 Versu
478 3410 519 3474 20
546 3418 640 3493 poeta
667 3414 705 3477 ad
736 3419 917 3496 sequentem
945 3433 1086 3481 scaenam
1109 3413 1239 3492 transit,
1267 3413 1305 3478 dc
1327 3429 1389 3493 qno

265 3514 402 3577 hansitu
424 3520 541 3593 postea,
566 3516 593 3578 si
616 3513 726 3596 placet,
750 3516 848 3581 lusius
871 3518 1073 3598 disputemus.

351 3616 387 3680 lu
417 3635 526 3681 versus
545 3617 581 3680 18
606 3617 693 3682 initio
716 3617 795 3683 liber
818 3619 987 3684 Bembinus
1009 3621 1121 3684 tradit:
1154 3629 1305 3703 quantam
1330 3637 1389 3679 one·

268 3729 318 3780 tas
348 3729 410 3797 ecc,
442 3725 477 3782 ut
506 3737 614 3784 versus
637 3719 678 3783 sit
700 3720 849 3785 iambicus
872 3721 1066 3796 octonarius
1097 3723 1167 3787 libri
1191 3720 1388 3802 Calliopiani:

267 3833 404 3905 quantas
425 3831 524 3883 metae
547 3832 602 3898 eet,
625 3827 659 3885 ut
682 3841 790 3886 versus
807 3823 848 3887 sit
864 3824 1041 3888 trochaicus
1057 3822 1263 3902 septenarius.
1301 3821 1388 3886 Bem-

267 3924 331 3989 bini
352 3924 507 4006 scriptura
530 3929 565 3986 ut
587 3923 767 4004 elegantior,
790 3924 1049 4005 improbabilior
1072 3925 1296 3990 videturesse.
1330 3924 1390 3988 Ne·

266 4044 327 4108 qne
349 4033 453 4090 tamen
470 4025 631 4091 Bentleius
654 4045 721 4092 eam
744 4029 775 4091 in
792 4034 910 4092 textum
927 4029 1052 4107 recepit,
1075 4029 1129 4092 sed
1145 4047 1184 4094 ue
1200 4029 1292 4093 medii
1307 4029 1390 4093 inter

267 4129 441 4194 trochaicus
464 4129 586 4194 iambici
608 4147 717 4195 versus
740 4137 958 4208 occurrerent,
981 4129 1243 4213 Calliopianorum
1266 4148 1388 4196 versum

266 4229 424 4311 praetulit.
475 4230 694 4296 Fleckeisenus
726 4240 829 4298 autem
858 4231 1001 4296 Bembini
1032 4233 1218 4316 scripturam
1249 4233 1388 4312 retinuit,
