3074 4886
819 280 861 344 40

738 369 934 379 -.—.--—

273 486 450 554 emendatio
473 505 556 552 nunc
577 485 671 567 vulgo
686 505 724 552 ac
738 485 860 562 merito,
881 489 918 549 ut
933 483 1065 562 videtur,
1088 486 1215 562 recepta
1230 486 1287 545 est.
1321 481 1405 546 Ver·
1420 509 1423 516 ¹

274 610 343 656 sum
369 590 407 654 18
431 590 601 656 Bembinus
624 591 669 655 sic
692 589 828 670 scripsit:

351 744 504 804 Sublimem
525 742 644 802 medium
666 743 787 816 primum
807 739 959 815 arriperem
980 741 1009 798 et
1022 739 1114 813 capite
1135 737 1253 797 interra
1267 739 1402 797 stuerem.

273 887 459 968 Galliopiani
481 905 544 952 nna
566 905 641 952 voce
663 887 759 952 verba
782 887 826 952 sic
848 885 993 950 tradunt:

354 1032 507 1092 Sublimem
535 1032 658 1091 medium
683 1031 834 1105 arriperem
860 1034 889 1090 et
913 1029 1143 1104 capiteprimum
1164 1026 1318 1087 interram
1339 1029 1400 1086 sta-

1180 1124 1296 1181 tuorem.

274 1272 412 1337 Primum
431 1291 469 1338 ex
484 1271 627 1337 Bembini
643 1273 799 1353 scriptura
815 1271 849 1334 e'o
863 1281 951 1334 terre
967 1279 1103 1331 steteram
1118 1265 1253 1332 dilucide
1269 1274 1400 1349 apparet

274 1375 305 1438 in
329 1374 498 1456 archetypo
520 1373 592 1441 libri
608 1374 750 1441 Bembini
772 1377 804 1437 e'n
820 1387 908 1436 terre
922 1382 1093 1436 metuerem
1108 1377 1269 1436 exaratum
1286 1370 1398 1436 inisse:

274 1475 425 1539 librarius
448 1476 530 1540 enim
553 1477 682 1541 verbnm
707 1486 878 1540 statuerem
900 1476 1039 1540 scribens
1058 1473 1196 1554 apriore
1211 1473 1251 1537 ad
1267 1471 1400 1537 alterum

274 1579 300 1643 T
322 1578 489 1643 aberravit.
523 1578 643 1643 Deinde
654 1580 792 1662 primum
809 1576 994 1660 Calliopiani
1009 1576 1082 1641 libri
1097 1583 1168 1658 post
1184 1576 1294 1661 eapite,
1310 1573 1399 1639 Bern-

275 1680 368 1744 binus
398 1684 469 1761 post
498 1678 633 1742 medium
662 1680 863 1746 collocarunt.
910 1678 1002 1744 Docti
1032 1679 1090 1744 viri
1119 1698 1188 1745 cum
1216 1696 1319 1760 neque
1340 1678 1400 1743 boc

217 1857 220 1864 ¹
275 1801 376 1863 neque
398 1781 450 1848 illo
473 1783 541 1849 loco
560 1790 632 1865 apte
648 1784 795 1865 explicari
810 1802 902 1865 posse
916 1782 1101 1858 iudicarent,
1125 1782 1323 1859 Palmarium,
1347 1780 1402 1862 qui

268 1906 409 1968 proaem
431 1891 503 1966 post
524 1886 629 1968 capite
651 1885 787 1967 scripsit,
815 1887 914 1952 secuti
936 1893 1021 1949 sunt.
1066 1884 1127 1950 Sed
1151 1902 1208 1966 ego
1231 1880 1323 1964 ualde
1345 1883 1402 1946 du·

275 1988 350 2060 bito,
373 2007 447 2051 num
463 2009 603 2072 pronam
625 1987 682 2053 hoc
705 1988 772 2052 loco
794 1996 867 2068 apte
890 1986 950 2052 dici
971 1986 1081 2068 possit.
1116 1987 1194 2052 Nam
1213 2007 1337 2072 proruo
1352 1991 1403 2050 est

275 2092 316 2167 is,
344 2091 452 2172 quiin
476 2090 664 2155 anteriorem
687 2098 808 2172 partem
831 2089 947 2168 flexus,
974 2087 1179 2171 proclinatus,
1203 2089 1401 2171 propendens

276 2198 332 2259 est.
377 2194 436 2272 Qui
459 2199 564 2258 autem
586 2193 688 2274 capite
711 2194 741 2257 in
765 2200 851 2258 terra
872 2193 1039 2270 statuitur,
1069 2191 1095 2256 is
1118 2211 1175 2258 nec
1197 2189 1314 2266 flexus,
1343 2210 1402 2256 nec

276 2297 480 2378 procuratus,
505 2313 561 2360 nec
583 2294 780 2376 propendens
803 2297 833 2358 in
857 2293 1044 2358 anteriorem
1067 2300 1206 2377 partem,
1230 2296 1285 2360 sed
1308 2295 1402 2375 plane

275 2398 418 2466 inversus
447 2404 504 2462 est.
549 2394 667 2461 Contra
692 2397 832 2482 primam
855 2415 892 2461 eo
912 2396 995 2476 loco,
1025 2415 1086 2478 quo
1108 2396 1141 2461 in
1164 2394 1314 2462 Bembino
1338 2402 1403 2460 tru-

276 2502 377 2576 ditur,
406 2507 489 2566 recte
519 2499 670 2582 explicari
699 2506 812 2580 potest.
858 2500 1052 2566 Enumerare
1082 2501 1163 2566 enim
1186 2499 1267 2566 Geta
1293 2502 1402 2566 modos

276 2605 352 2678 vult
375 2603 489 2686 quibus
505 2602 618 2686 Syrum
640 2604 779 2670 lacerare
801 2606 832 2669 in
854 2604 958 2671 animo
981 2605 1086 2679 hebet,
1108 2605 1164 2670 sed
1184 2607 1318 2686 primum
1333 2610 1402 2669 tan-

275 2707 435 2772 tummodo
458 2714 490 2772 et
518 2708 736 2788 gravissimum
760 2707 865 2786 affert,
894 2726 964 2771 cnm
986 2713 1107 2773 ceteros
1131 2727 1150 2772 a
1172 2709 1401 2790 spectatoribus

274 2813 377 2874 animo
405 2809 508 2874 audiri
531 2810 614 2875 velit.
660 2813 705 2876 Ac
727 2810 773 2875 sic
795 2811 921 2890 saepius
940 2810 1083 2895 primum
1104 2828 1124 2874 a
1145 2809 1312 2876 comitibus
1335 2810 1401 2874 suis

276 2911 400 2990 deinde,
429 2922 496 2976 tom
525 2914 727 2981 dissociatum
750 2914 781 2977 in
805 2912 945 2980 Terentii
967 2913 1080 2979 fabulis
1100 2915 1251 2993 occurrit,
1282 2920 1399 2980 utnon

276 3022 340 3082 tam
367 3017 498 3097 primam
529 3018 560 3081 in
588 3017 670 3082 serie
691 3033 813 3095 rerum,
842 3034 938 3098 quam
960 3035 1111 3082 summam
1134 3024 1167 3082 et
1187 3019 1400 3099 gravissimam

274 3116 450 3200 significare
472 3118 617 3184 videatur
641 3118 692 3202 (ci.
715 3120 791 3185 Hoc.
806 3118 860 3183 IV.
877 3119 906 3182 4.
924 3119 975 3198 94,
1000 3121 1095 3184 Andr.
1112 3119 1136 3185 L
1154 3123 1182 3183 1.
1201 3120 1286 3202 129).

360 3217 520 3285 Versuum
543 3227 648 3286 autem
671 3222 850 3288 consecutio
869 3220 1099 3303 simplicissima
1114 3229 1176 3288 est:
1200 3223 1262 3289 duo
1276 3222 1403 3290 ordines

166 3403 172 3410 Ι
274 3324 571 3390 iambico-trochaici
594 3323 807 3406 distinguendi
829 3321 977 3388 videntur
999 3343 1084 3403 esse,
1109 3342 1242 3407 quornm
1265 3333 1402 3409 uterque

275 3429 381 3510 plures
412 3426 560 3492 iambicos
589 3428 764 3492 octonarios
793 3424 970 3506 complexus
998 3425 1080 3492 binis
1110 3427 1276 3495 trochaicis
1299 3436 1402 3512 septe-

243 3579 245 3584 .
276 3532 372 3597 nariis
394 3529 515 3595 finitur:

429 3701 528 3768 lamb.
552 3707 611 3768 oct.
740 3671 744 3680 ⁹
787 3701 885 3769 lamb.
909 3708 969 3768 oct.
993 3723 1018 3769 c.
1044 3704 1137 3771 iamb.
1160 3709 1247 3787 quat.

482 3804 592 3871 Trocb.
616 3810 696 3888 sept
842 3803 953 3873 Trocb.
977 3811 1056 3887 sept.

364 3974 681 4044 Animadvertendum
704 3982 809 4044 autem
833 3981 882 4044 est
899 3977 1066 4045 iambicum
1082 3981 1327 4062 quaternarium,
1350 3977 1404 4058 qui

276 4079 308 4143 in
333 4078 500 4146 trochaicis
523 4081 685 4152 ordinibus
701 4082 889 4161 ubicumque
902 4082 1089 4150 occurrebat
1104 4101 1227 4164 semper
1241 4083 1403 4148 clausulae

278 4181 343 4246 vice
365 4180 562 4264 fungebatur,
587 4185 618 4249 in
642 4183 700 4249 boc
715 4200 839 4264 quoque
854 4182 975 4251 cantico
990 4187 1075 4268 parti
1090 4189 1210 4253 ordinis
1225 4188 1403 4254 subiectum
