3074 4886
824 355 866 424 to

281 570 374 648 poeta
406 566 464 634 hoc
496 585 621 650 quoque
654 565 721 633 loco
754 567 890 649 positum
923 585 1002 632 esse.
1046 565 1158 650 Itaque
1185 572 1222 633 ut
1249 567 1408 634 scribatur

280 669 414 737 suadeo:

357 790 466 860 Quaere
486 789 573 851 dium
594 789 651 850 tibi·
669 789 799 863 amicum,
819 789 873 850 tibi
894 789 957 849 dum
977 788 1088 865 tempus
1109 788 1273 849 consulendi
1293 790 1344 848 ast.

365 917 434 986 Iam
456 937 603 986 versuum
627 919 876 987 consecutionem
899 917 1073 984 videamus:
1103 917 1258 999 incipiunt
1279 916 1406 983 iambici

280 1022 447 1101 octonarii,
477 1021 591 1102 quibus
619 1039 699 1086 unus
729 1020 880 1086 iambicus
908 1018 1185 1102 semiseptenarius
1208 1024 1240 1084 et
1261 1019 1408 1086 undecim

280 1125 450 1207 septenarii
478 1124 604 1191 iambici
631 1125 816 1190 succedunt:
848 1124 960 1190 deinde
989 1123 1111 1189 iambici
1140 1121 1293 1188 octonarii
1318 1139 1410 1203 repe·

280 1233 403 1306 tuntur,
433 1246 561 1294 numero
589 1233 670 1306 tres,
700 1245 779 1307 qnos
802 1227 915 1293 iterum
937 1223 1063 1292 iambici
1085 1224 1253 1306 septenarii
1274 1224 1336 1289 duo
1357 1241 1410 1290 se·

280 1335 429 1414 quuntur.

356 1448 456 1517 Iamb.
478 1455 538 1517 oct.
839 1447 842 1454 ’
1020 1448 1118 1514 lamb.
1141 1453 1201 1513 oct.

420 1549 519 1618 Iamb.
543 1557 622 1632 sept.
646 1570 672 1617 c.
694 1551 789 1616 iamb.
812 1553 969 1633 semisept.
1084 1550 1181 1615 iamb.
1204 1555 1283 1631 sept.

365 1686 539 1769 Singularis
563 1692 595 1752 et
617 1691 789 1753 memoratu
812 1687 925 1767 dignus
947 1665 996 1752 est
1017 1685 1169 1751 iambicus
1184 1685 1407 1767 semiseptena-

280 1789 362 1869 rius,
387 1809 480 1873 quem
503 1787 592 1855 facile
615 1789 767 1871 quispiam
792 1787 905 1852 dixerit
927 1807 944 1852 e
965 1795 1140 1853 ceterorum
1163 1805 1311 1853 versuum
1333 1805 1408 1853 con·

281 1891 450 1958 sociatione
473 1891 705 1956 dissolvendum
728 1909 806 1969 esse,
830 1890 975 1971 quoniam
998 1890 1029 1954 in
1053 1891 1188 1955 transitu
1210 1889 1331 1971 positus
1347 1897 1406 1955 est.

281 1993 343 2061 Sed
376 2013 445 2060 cum
475 1994 640 2059 Terentius
673 1993 705 2057 in
733 1993 842 2058 mediis
871 1992 1002 2059 variatis
1030 1991 1172 2059 versibus
1202 2012 1255 2060 eos
1285 2010 1405 2072 persua,

280 2096 394 2178 quibus
417 2097 457 2160 ad
480 2096 613 2160 alteram
636 2095 766 2160 actionis
790 2102 909 2175 partem
926 2096 1089 2174 transibat,
1113 2113 1235 2177 semper
1251 2096 1291 2160 ad
1307 2095 1408 2160 varia-

281 2203 330 2262 tos
353 2197 464 2264 cantici
485 2215 594 2263 uersus
610 2197 888 2263 accommodaverit
903 2197 954 2280 (cf.
968 2196 1038 2262 VII.
1056 2199 1094 2262 ΙΙ.
1112 2197 1164 2279 1.),
1188 2198 1307 2262 rectius
1321 2198 1406 2262 hunc

281 2318 404 2382 quoque
433 2298 600 2364 iambicum
630 2299 920 2381 semiseptenarium
950 2300 1052 2365 ordini
1081 2301 1256 2364 inseremus
1287 2318 1324 2364 ac
1347 2317 1406 2380 pro

280 2399 413 2467 iambico
436 2401 613 2483 septenario
637 2403 772 2482 positum
795 2420 864 2467 esse
886 2403 1057 2470 credemus.

366 2503 411 2568 Ut
439 2503 470 2567 in
497 2503 556 2568 hac
578 2521 691 2568 scaeua
712 2503 836 2568 iambici
858 2505 1010 2569 octonarii
1029 2511 1064 2590 ‚et
1087 2485 1284 2586 septenarii,
1305 2505 1349 2569 ita
1372 2505 1405 2569 in

281 2607 425 2674 Eunuchi
440 2605 498 2671 ΙΙΙ.
515 2608 533 2671 5
557 2625 670 2672 scaena
689 2605 817 2672 iambici
834 2609 1004 2688 septenarii
1020 2613 1051 2672 et
1067 2607 1217 2672 trochaici
1232 2606 1406 2687 septenarii

281 2712 363 2776 inter
392 2727 426 2774 se
454 2709 610 2775 coniuncti
634 2714 716 2774 sunt.
762 2710 909 2777 Monodia
932 2715 979 2774 est
1002 2709 1160 2776 Chaereae
1183 2708 1404 2788 adulescentis,

282 2813 337 2895 qui
352 2832 370 2878 e
383 2811 556 2878 meretricis
579 2811 670 2877 domo
692 2831 837 2878 reversus
859 2830 980 2877 summa
1001 2812 1122 2878 laetitia
1137 2812 1274 2878 exsultat
1295 2831 1332 2878 ac
1348 2810 1408 2876 mi·

281 2922 381 2997 ratur,
403 2915 487 2997 quod
509 2932 600 2980 nemo
621 2914 763 2979 curiosus
786 2911 845 2978 sibi
867 2915 1048 2979 intervenit:

359 3066 500 3142 Numquis
528 3066 575 3126 hic
600 3067 665 3126 est?
690 3065 807 3126 nemost.
834 3067 964 3142 numquis
989 3067 1056 3127 bino
1076 3084 1119 3128 ma
1145 3068 1294 3142 seqnitur?
1321 3066 1404 3128 na'mo

1184 3162 1302 3222 homost.

359 3255 457 3315 Iamno
477 3268 622 3326 erumpere
641 3251 696 3312 hhc
716 3251 784 3312 licat
803 3253 872 3312 mihi
892 3251 1047 3327 gandium?
1068 3273 1118 3329 pro
1139 3254 1276 3331 Iuppiter,

437 3348 523 3407 Nunc
543 3345 587 3406 est
606 3345 742 3422 proiecto,
762 3345 882 3406 interfici
903 3365 965 3406 cum
985 3347 1095 3423 perpeti
1115 3366 1159 3409 mo
1180 3349 1304 3424 pdssnm,

436 3442 480 3501 Ne
499 3441 553 3501 hoc
572 3440 707 3514 gaudium
729 3441 900 3501 contaminet
919 3442 978 3501 vita
1000 3441 1177 3518 aegritudine
1199 3443 1303 3518 aliqua.

513 3536 567 3595 Sed
589 3534 764 3595 neminemne
787 3535 926 3596 curiosum
946 3535 1115 3596 intervenire
1135 3538 1211 3598 ndnc
1231 3537 1308 3609 mihi,

513 3629 567 3702 Qui
578 3629 621 3690 md
635 3634 768 3704 sequatur
778 3629 890 3704 quoquo
904 3646 975 3701 eam,
986 3630 1134 3706 rogitando
1146 3631 1293 3704 obtundat,
1305 3630 1405 3705 enicat,

512 3723 584 3794 Quid
605 3723 725 3799 gestiam
746 3727 795 3784 ant
816 3724 882 3797 quid
901 3723 994 3783 laetus
1014 3723 1081 3795 sim,
1102 3741 1157 3797 quo
1177 3724 1307 3800 pergam,
1332 3724 1407 3786 unde

995 3835 1143 3892 emergam,
1164 3818 1214 3878 ubi
1235 3819 1304 3880 siam

513 3915 655 3976 Vestitum
676 3914 752 3974 hunc
773 3915 902 3986 nanctus,
923 3913 989 3987 quid
1005 3909 1074 3973 mihi
1089 3930 1229 3986 quaeram,
1250 3914 1337 3975 sanus
1353 3915 1407 3974 sim

1055 4023 1128 4066 anne
1149 4007 1303 4067 insaniam!

285 4149 364 4216 Oum
386 4165 494 4214 versus
515 4151 602 4214 recte
624 4143 733 4226 scripti
755 4143 819 4210 siut
840 4160 942 4224 neque
957 4141 1050 4234 ullam
1066 4143 1230 4209 dubitandi
1245 4145 1408 4210 materiem

284 4249 432 4328 afferant,
461 4250 567 4317 statim
597 4248 724 4314 ordines
755 4266 901 4313 versuum
928 4246 1094 4312 obseruare
1121 4245 1210 4313 licet:
1239 4248 1408 4313 ordiuntur
