3074 4886
209 827 438 892 Perlustremus
461 846 542 893 nuno
558 846 611 892 cas
627 845 766 907 scaenas,
791 827 845 893 ubi
859 827 997 902 ¹editores
1013 827 1121 891 ordine
1136 827 1246 891 horum

121 947 268 994 versuum
297 936 352 994 aut
381 946 490 1010 parum
518 929 676 995 intellecto
700 937 756 995 aut
778 931 817 996 de
841 927 995 994 industria
1017 928 1157 1008 neglecto
1179 946 1248 993 ver·

122 1031 230 1095 borum
264 1037 296 1094 et
318 1048 464 1096 versuum
498 1033 686 1098 mutationes
720 1030 819 1097 moliti
853 1037 940 1112 sunt,
975 1049 1053 1113 quas
1087 1049 1104 1094 e
1134 1029 1247 1095 fabulis

118 1139 231 1212 poetae
254 1131 405 1198 tollendas
428 1151 496 1199 esse
518 1139 611 1215 puto:
636 1133 777 1199 velutin
804 1133 933 1214 Adelph.
950 1130 1036 1201 IV.l
1063 1148 1190 1210 scaena,
1214 1131 1246 1196 in

120 1250 183 1313 qua
204 1239 296 1314 poeta
318 1240 486 1318 utrumque
508 1235 662 1309 ordinem,
693 1239 725 1299 et
754 1233 925 1315 simplicem
954 1239 987 1299 ct
1014 1230 1246 1327 amplificatum,

119 1334 266 1400 instituit.
302 1339 405 1420 Atque
428 1357 481 1404 sex
503 1339 622 1419 priores
645 1354 755 1402 versus
776 1336 823 1401 ita
845 1339 926 1401 inter
947 1353 981 1400 se
1004 1339 1188 1416 sequuntur,
1211 1337 1247 1398 ut
1323 1413 1328 1420 .

120 1455 214 1500 unum
252 1440 445 1504 octonarium
483 1439 674 1505 trochaicum
709 1457 790 1504 unus
828 1437 1024 1519 septenarius
1057 1435 1244 1508 trochaicus,

118 1537 199 1602 hunc
221 1542 324 1604 autem
346 1546 497 1619 quattuor
518 1541 640 1606 iambici
657 1539 810 1606 octonarii
834 1541 1005 1621 excipiant:

497 1676 607 1741 Troch.
632 1680 692 1742 oct.

599 1777 708 1843 Troch.
732 1784 811 1857 sept.

700 1879 798 1944 lamb.
822 1883 882 1943 oct.

202 2010 322 2076 Deinde
345 2012 514 2079 Bembinus
536 2013 593 2078 hos
616 2031 725 2080 versus
747 2011 892 2078 tradidit:

172 2140 218 2206 'ut
237 2147 305 2206 illud
317 2165 364 2207 rus
385 2149 462 2208 nulla
482 2149 539 2210 alia
558 2167 643 2210 causa
663 2150 720 2210 tim
742 2151 813 2209 mals
835 2151 888 2222 odi,
910 2150 965 2210 nisi
987 2150 1054 2224 qnia
1073 2153 1198 2224 proposi,

269 2240 346 2310 Quod
367 2241 392 2300 si
413 2243 525 2305 abesset
545 2243 665 2318 longius.

116 2365 276 2432 Parisinus
299 2375 331 2432 et
350 2370 582 2446 Ambrosianus,
607 2376 643 2435 ut
665 2370 775 2444 solent,
791 2370 977 2436 versiculum
1001 2369 1132 2452 longiori
1155 2374 1241 2434 ante·

115 2470 237 2534 cedenti
260 2471 364 2536 versui
396 2471 592 2536 addiderunt.
638 2473 857 2538 Fleckeisenus
886 2477 991 2538 autem
1027 2479 1060 2538 et
1092 2471 1241 2550 Umpien-

115 2569 259 2689 bachius,
292 2588 424 2650 quorum
457 2590 549 2638 aures
584 2573 750 2638 offendisse
781 2573 861 2638 ictus
889 2573 1021 2648 videtur,
1055 2590 1117 2654 quo
1146 2574 1240 2638 verba

114 2697 335 2807 qoirspropoot
357 2723 520 2804 feriuntur,
550 2724 607 2788 hos
630 2744 739 2790 versus
762 2724 919 2807 Guyetum
949 2724 1050 2790 secuti
1073 2725 1118 2789 ita
1140 2729 1239 2792 muta·

114 2828 208 2890 runt:

235 2927 273 2985 nt
292 2926 360 2985 iilud
382 2944 431 2986 rus
451 2927 528 2986 nulla
549 2927 606 2986 dlis
627 2945 711 2988 causa
732 2928 789 2988 tam
810 2928 882 2988 male
903 2929 958 3001 odi,
978 2927 1034 2987 nisi
1055 2928 1121 3001 qnia

357 3020 475 3093 Propdst
494 3022 566 3093 quod
588 3021 613 3080 si
633 3024 709 3080 osset
728 3021 850 3097 longius.

114 3145 175 3211 Sed
209 3146 322 3211 iniuria
351 3147 571 3266 F'leckoisenus
601 3155 632 3213 et
661 3149 927 3230 Umpienbachius
963 3150 1074 3227 ictum,
1107 3150 1160 3231 qni
1189 3156 1238 3215 est
1277 3217 1285 3228 ,

111 3300 142 3362 in
165 3299 268 3364 verbis
291 3273 517 3384 quifirroposc
542 3308 711 3380 mutarunt,
730 3300 785 3381 qui
808 3320 868 3366 non
893 3301 1029 3384 fugerint
1052 3303 1142 3382 ictus
1160 3320 1236 3382 qua·

336 3394 344 3420 Ι

113 3452 251 3575 ΙεεΙευιιῖ
273 3426 466 3537 ι’ὶίῗφιέᾱωη
490 3453 612 3518 Phorm.
627 3452 663 3516 V.
686 3455 773 3516 1.27
801 3454 919 3576 (steen.
947 3462 979 3520 et
1002 3456 1135 3538 Umpi.),
1165 3479 1237 3540 quo·

112 3580 340 3690 qoedotootate
353 3609 475 3673 Phorm.
492 3607 544 3674 IV.
560 3610 588 3674 5.
604 3609 641 3672 13
655 3608 796 3692 (Umps.),
817 3583 1001 3692 quiasuper
1019 3620 1064 3670 est
1077 3609 1199 3673 Phorm·
1209 3609 1234 3674 I·

111 3708 194 3771 3.10
217 3709 333 3790 (Fleck.
351 3714 383 3775 et
399 3709 525 3790 Umpi.).
557 3711 661 3789 Quare
684 3711 709 3776 si
733 3729 793 3775 non
818 3717 876 3790 est,
901 3729 957 3776 eur
979 3709 1057 3774 tales
1080 3711 1161 3776 ictus
1184 3711 1236 3776 de·

28 3850 32 3857 -
110 3809 273 3885 clinentur,
297 3807 439 3875 Bembini
460 3829 569 3876 versus
592 3817 623 3876 et
638 3812 732 3876 rerba
754 3811 876 3877 retineo
897 3817 991 3892 atque
1013 3811 1235 3894 amplificatum

110 3910 337 3976 trochaicorum
361 3931 505 3978 versuum
529 3913 671 3979 ordinem
694 3915 837 3995 restituo,
861 3920 897 3980 ut
918 3917 990 3980 inde
1012 3934 1031 3980 a
1053 3915 1174 3982 versui
1191 3916 1236 3980 in-

110 4019 159 4078 ter
181 4031 215 4078 se
237 4020 427 4094 sequantur:

490 4118 600 4184 Troch.
624 4124 684 4184 oct.

585 4222 695 4285 Troch.
719 4222 877 4302 semisept.
